3134 4926
225 242 314 310 (iiiii
380 261 471 318 Deor.
488 261 558 317 uro.
576 265 605 320 el
624 263 688 320 orb.
706 263 735 320 d.
753 261 790 319 8.
795 262 867 326 Dec.
885 261 963 320 1870
982 265 1019 320 ιιι
1035 263 1158 330 festos
1177 263 1332 333 Joaeplri.

225 437 330 502 sestias
348 448 381 488 zu
399 435 576 500 elimenes
594 435 642 490 der
659 437 843 502 semermium
861 437 908 490 der
925 437 1058 492 einzelnen
1077 436 1194 491 discitis
1218 438 1404 520 diadumeno,
1422 440 1465 492 oo

223 508 262 558 sie
281 507 305 558 in
325 507 445 558 letzterer
463 505 610 570 Bezlelrung
629 507 696 559 nach
714 507 788 559 ihren
805 505 1001 560 ierlrillnissen
1019 506 1079 560 dem
1096 509 1131 562 ιιι
1150 509 1239 560 Stulrle
1258 502 1316 562 eine
1329 507 1403 562 Billa
1432 523 1464 562 zu
1548 573 1549 580 ἵ

226 573 404 628 unterireiten
421 575 518 628 hillen.
554 576 589 627 lm
608 574 820 639 Naehlolgenden
839 574 887 628 dus
906 575 1069 630 netrerenoc

226 659 486 728 Rondsclrrer'den
517 659 575 725 dor
606 658 640 726 8.
674 659 810 726 Riimon
842 659 1046 744 Oonprepctio
1076 682 1119 726 on
1151 661 1213 728 olle
1235 661 1385 744 Biscddfc
1407 662 1466 728 der
1548 687 1549 742 l

663 763 875 840 ιαιιιιιιιιιιι
896 763 1028 832 Κινιιι.

329 867 439 934 anme
468 867 617 934 Domine!
648 865 869 934 Sanctissimus
899 868 1051 934 Dominus
1080 869 1194 935 Noster
1223 869 1299 936 Pius
1322 871 1383 938 PP.
1407 869 1464 934 IX.

225 971 403 1039 satisfacere
426 973 530 1038 volens
552 971 812 1056 postulationibus
836 973 975 1039 omnium
992 974 1089 1040 ferme
1100 971 1263 1040 Sacrorum
1274 974 1467 1040 antistitum
1548 993 1549 1056 ξ

224 1079 256 1143 in
280 1075 485 1142 Oecumenioa
513 1075 609 1142 eiiam
638 1077 792 1143 Vaticana
821 1075 944 1162 Synodo
973 1077 1183 1144 manifestatis
1216 1076 1365 1144 Sanctum
1399 1079 1464 1142 Pa·
1548 1125 1549 1154 ,

225 1180 395 1247 triorchem
417 1174 588 1263 Josephnm
611 1179 763 1266 Deiparae
786 1181 925 1268 Virginis
948 1181 1099 1265 Sponsum
1122 1180 1294 1250 declaravit
1306 1181 1466 1248 Ecclesiae
1548 1209 1549 1212 ¹

226 1282 405 1350 Catholicae
428 1283 610 1365 Patronem,
634 1287 671 1351 ni
692 1287 760 1371 ipsa
780 1285 813 1352 in
835 1285 1026 1352 misserrima
1046 1285 1106 1352 ιιι
1128 1287 1302 1370 temporum
1318 1286 1467 1371 angustia
1548 1311 1549 1350 l

225 1387 368 1472 plurimis
389 1387 548 1472 exagitata
569 1389 811 1469 calamitatibus,
833 1389 919 1454 iilius
940 1390 1112 1474 patrocinio
1141 1389 1307 1456 destructis
1335 1389 1466 1454 tandem
1548 1383 1549 1402 ¹

225 1491 469 1558 edversiiaiibns
501 1509 537 1556 ιι
572 1492 724 1558 erroribus
761 1493 912 1560 universis
947 1513 1055 1560 secura
1077 1494 1143 1559 Deo
1166 1493 1282 1559 serviat
1304 1493 1465 1559 libertate.

225 1595 294 1662 Etsi
316 1595 421 1660 antem
444 1593 664 1662 Sanctissimae
684 1595 767 1664 idem
790 1597 950 1664 Dominus
964 1598 1096 1681 praelati
1117 1597 1225 1665 Sancti
1252 1597 1381 1680 Josephi
1408 1617 1467 1662 na-

226 1701 289 1766 tale
311 1699 439 1765 Festum
462 1698 512 1766 die
535 1699 621 1766 XIX.
644 1701 753 1766 Martii
773 1719 936 1768 occurrens
958 1702 1016 1769 sub
1037 1701 1102 1768 ritu
1124 1701 1240 1786 duplici
1250 1702 1368 1786 primae
1381 1700 1466 1766 clas-

224 1805 268 1870 sis
301 1804 334 1869 in
368 1805 526 1886 posterum
560 1805 710 1870 celebrari
742 1803 946 1898 mandaverit,
980 1809 1085 1872 tamen
1120 1823 1139 1870 ι
1172 1804 1411 1891 redintegrando
1431 1805 1468 1869 in

225 1909 331 1976 eodem
355 1907 446 1975 vesto
469 1908 584 1992 duplici
607 1909 770 1994 praecepio
792 1929 858 1976 sese
881 1911 1045 1990 abstinuit,
1068 1910 1227 1994 voluitque
1249 1910 1287 1975 ui
1308 1927 1467 1994 perprae-

225 2015 329 2080 senies
350 2011 511 2079 Sacrorum
540 2011 671 2079 lilinum
694 2012 951 2100 Congregeiionis
980 2013 1117 2080 Litteras
1146 2013 1375 2100 significaretur
1404 2013 1467 2079 Lo-

225 2137 329 2184 corum
353 2117 524 2184 Ordinnriis
546 2117 585 2184 Se
607 2117 742 2186 libenter
763 2135 869 2184 eorum
892 2120 973 2185 votis
995 2137 1061 2185 esse
1085 2119 1328 2198 satisfacturum,
1350 2119 1378 2183 si
1403 2118 1465 2184 Or-

225 2221 338 2288 dinarii
359 2221 419 2305 ipsi
441 2221 588 2302 inspectis
611 2221 760 2287 Locorum
783 2241 820 2288 ac
841 2221 1028 2307 Temporum
1050 2241 1107 2288 nec
1129 2239 1190 2288 non
1212 2219 1376 2306 respectivi
1400 2219 1466 2287 Gu-

225 2327 324 2392 bemii
344 2325 506 2392 voluntate
527 2325 574 2391 ιιι
595 2325 628 2391 in
650 2325 782 2391 Domino
806 2326 947 2410 expedire
965 2326 1143 2411 judicantes
1164 2326 1316 2410 supplicia
1327 2327 1399 2392 vota
1409 2343 1468 2390 sua

225 2432 299 2497 hnic
333 2429 465 2497 Sanciae
499 2429 572 2496 Sodi
604 2429 801 2514 Apostolicae
834 2429 1023 2514 porrexerint
1052 2431 1092 2497 ad
1112 2431 1411 2516 redintegrationem
1432 2431 1468 2495 in

225 2535 403 2620 hujusmodi
423 2535 514 2602 Festo
536 2536 696 2622 utriusque
718 2536 884 2620 praecepti.

328 2641 457 2707 Interim
490 2641 526 2705 ut
556 2638 738 2724 Amplitudo
773 2639 841 2704 Tua
868 2638 922 2704 diu
951 2639 1071 2706 lelixe
1072 2638 1271 2706 tinoolumis
1294 2637 1468 2704 enadaier

225 2747 328 2812 anime
349 2745 504 2830 adprecor.

327 2851 373 2914 Fir
400 2850 507 2916 Socrui
508 2847 573 2914 eris
607 2848 770 2914 Sacrorum
803 2815 934 2915 Rituum
968 2847 1223 2935 Congregutionis
1256 2848 1315 2913 hae
1350 2844 1400 2911 die
1433 2846 1467 2911 8.

224 2954 403 3022 Decembris
430 2953 523 3020 1870.
684 2993 686 2999 ,

226 3060 280 3126 Uti
303 3059 413 3125 Frater
436 3058 468 3126 Ο.
491 3057 548 3142 Ep.
573 3057 690 3124 Ostien.
714 3057 748 3123 ei
770 3057 957 3124 Veliternos.
981 3055 1071 3124 dard.
1084 3055 1245 3123 PetriniS.
1258 3055 1295 3122 R.
1314 3055 1348 3121 G.
1361 3055 1468 3120 Praei.

588 3160 777 3230 Dominicus
799 3161 965 3229 Bermion
987 3161 1018 3227 S.
1042 3161 1079 3228 R.
1102 3160 1137 3228 (i.
1161 3159 1362 3226 Secreiarius.

607 3265 776 3332 Decretum
804 3265 899 3332 Urbis
920 3272 950 3332 ei
971 3265 1075 3332 Orbis.

328 3370 594 3453 Quemadmodum
615 3371 700 3436 Deus
721 3369 892 3453 Josephnm
914 3369 1007 3436 illum
1027 3389 1046 3434 a
1067 3369 1164 3436 Jacob
1188 3366 1373 3433 Patrimcha
1393 3383 1467 3449 pro-

225 3477 366 3563 genitum
392 3477 603 3560 praepositum
635 3475 841 3540 constitueret
873 3473 1033 3538 uniuersae
1055 3474 1156 3537 terrae
1177 3469 1322 3555 Aegypti,
1346 3471 1383 3534 ui
1405 3487 1464 3553 po-

223 3583 297 3666 pulo
318 3583 475 3646 frumenta
496 3579 642 3660 servaret,
663 3579 711 3644 iia
736 3577 910 3662 temporum
941 3577 1131 3661 plenitudine
1162 3575 1363 3653 adveniente,
1394 3591 1466 3638 cunr

225 3685 340 3750 Filium
362 3701 452 3750 suum
475 3680 679 3767 Unigenitum
700 3683 808 3748 mnndi
827 3681 1021 3748 Salvatorem
1036 3681 1068 3746 in
1081 3685 1197 3746 terram
1209 3679 1360 3744 missurus
1371 3678 1464 3756 esset,

225 3788 458 3874 alium'selegii
479 3785 663 3870 Josephum,
693 3785 782 3872 cnjus
802 3785 856 3852 ille
878 3787 997 3870 primus
1019 3787 1129 3869 ippum
1151 3779 1466 3870 gesserai,quemque

224 3891 301 3960 fecii
322 3892 488 3959 Dominum
516 3892 548 3956 ei
572 3889 747 3974 Principem
771 3891 880 3956 domus
909 3909 946 3956 ae
968 3888 1165 3974 possessionis
1187 3905 1278 3966 snae,
1311 3887 1467 3971 princips-

223 3999 362 4084 liumqne
383 3997 600 4063 thesaurorum
623 4014 747 4062 suorum
781 3995 940 4061 custodem
963 3993 1068 4078 elegii.
1114 3991 1272 4076 Siquidem
1291 3993 1466 4076 desponsa-

224 4107 292 4172 tam
314 4103 374 4170 sibi
394 4102 507 4170 habuit
528 4099 767 4167 Immaculaiam
788 4099 951 4186 Virginem
973 4097 1117 4178 Mariam,
1144 4116 1180 4164 er
1202 4115 1264 4182 qua
1286 4097 1324 4164 de
1344 4095 1468 4179 Spiritu

226 4209 339 4276 Sancto
360 4192 454 4273 natus
476 4210 524 4274 esi
548 4203 701 4272 Dominus
720 4203 835 4270 Noster
857 4203 949 4271 Jesus
971 4201 1122 4283 Christus,
1148 4199 1201 4286 qui
1223 4199 1304 4285 apud
1326 4199 1468 4266 homines

224 4313 329 4398 putari
351 4311 496 4396 dignatus
525 4312 572 4375 esi
598 4309 681 4375 filius
712 4307 847 4392 Joseph,
877 4307 985 4392 illique
1012 4306 1154 4374 subditus
1188 4305 1258 4371 inii.
1303 4305 1345 4370 Eli
1374 4323 1469 4387 quem

225 4417 274 4484 toi
294 4431 383 4502 reges
405 4429 441 4482 ao
463 4413 630 4499 prophetae
652 4412 755 4480 nidere
778 4412 1004 4498 exoptaverant,
1026 4408 1088 4476 iste
1110 4409 1226 4493 Joseph
1257 4425 1318 4473 non
1339 4408 1467 4473 tentum

224 4521 314 4598 vidit,
347 4519 401 4584 sed
434 4537 503 4583 oum
537 4535 572 4583 eo
602 4520 815 4599 conversatus,
837 4535 966 4602 eumque
989 4518 1117 4601 paterno
1140 4514 1252 4580 affectu
1277 4511 1468 4596 complexus,

226 4625 480 4711 deosculatusque
503 4623 566 4702 eat;
589 4641 706 4689 necnon
720 4621 921 4692 solertissima
937 4620 1095 4702 enutrivit,
1119 4637 1208 4704 quern
1221 4612 1470 4704 populnsfidelis
