3112 4928
308 310 369 368 rat.
388 315 487 384 apost.
505 312 533 366 e.
553 309 599 366 se.
617 309 695 368 aaa.
712 309 806 368 reio:
826 311 920 369 eecce
935 309 991 381 sar
1009 313 1071 370 aee
1091 313 1197 384 napae
1292 283 1375 367 OXV

133 486 312 570 gentiarnm
335 485 385 550 elie
414 485 445 551 3.
474 483 655 552 Decembris
687 485 770 551 1870
793 485 833 552 ad
856 485 986 555 sormam
1009 485 1211 554 Decretonmr
1233 488 1292 556 etc.
1336 489 1374 554 In

133 609 265 674 quornm
287 587 380 656 ficiem
403 590 462 656 etc.
1010 591 1012 598 ⁴

562 693 752 761 emelina
772 694 878 763 sam
897 665 930 761 s.
954 696 981 762 1.
1005 695 1040 764 c.
1063 695 1269 766 subscisum.

398 901 555 968 PREOES
578 902 661 970 PRO
684 903 861 971 ROMANO
884 903 1109 971 PONTIEIOE

425 1008 458 1074 ia
474 1009 640 1090 praesenti
661 1029 770 1076 reram
791 1015 875 1076 stata
895 1009 1086 1076 recitandae.

240 1111 266 1178 0
288 1110 427 1177 diuinum
450 1112 543 1196 atque
568 1111 816 1182 amantissimum
829 1111 888 1178 (lor
899 1113 1025 1180 Domini
1046 1112 1144 1180 nostri
1159 1113 1236 1180 Jesu
1248 1110 1374 1192 Christi,

137 1216 217 1282 unde
241 1215 395 1282 catholica
418 1215 557 1282 Ecclesia
579 1215 676 1282 vitam
699 1217 805 1299 traxit,
830 1234 867 1283 en
891 1235 991 1284 coram
1015 1219 1047 1284 te
1069 1217 1202 1283 humiles
1223 1235 1260 1282 ec
1273 1215 1374 1284 fideu-

134 1324 182 1387 tes
204 1321 286 1386 filios
309 1320 372 1404 qni,
395 1319 698 1405 vehementiorique
721 1322 850 1404 possunt
871 1322 968 1388 animi
1002 1321 1125 1402 effectu,
1156 1339 1211 1406 pro
1240 1320 1374 1404 augusto

135 1425 201 1510 ejus
225 1423 343 1508 capite,
373 1442 489 1508 suoque
514 1425 621 1508 patre,
650 1424 776 1492 Summo
806 1425 973 1507 Pontifice,
1002 1426 1064 1492 tihi
1091 1443 1196 1510 preces
1228 1423 1374 1502 fundunt.

136 1529 330 1612 Quaesumus
351 1528 482 1596 Domine
504 1548 558 1612 pro
581 1531 636 1595 tus
658 1529 833 1612 clementia,
858 1533 894 1597 ut
916 1532 1055 1597 enmtua
1068 1528 1229 1596 dulcedine
1245 1545 1373 1610 recrees,

135 1635 192 1698 tna
221 1631 337 1698 virtute
363 1632 525 1698 confirmes
554 1651 591 1700 ac
617 1633 750 1712 tuearis,
779 1653 840 1720 quo
868 1635 996 1720 plenum
1023 1634 1141 1701 referet
1167 1632 1205 1699 de
1233 1631 1375 1698 hostibus

138 1737 202 1802 suis
225 1735 430 1820 triumphum,
453 1737 507 1821 qui
525 1737 669 1822 justitiae
691 1739 810 1822 paritor
831 1758 868 1806 ac
888 1739 1016 1806 veritati
1037 1739 1249 1806 caveantur.
1283 1737 1380 1804 Pater
1433 1775 1436 1780 ,

137 1844 203 1907 Ave
225 1841 258 1907 et
281 1839 386 1906 Gloria
409 1841 507 1906 Patri.
729 1887 732 1894 ι
1520 1909 1523 1916 ,

247 1945 342 2030 Virgo
365 1943 578 2025 immaculata,
601 1945 702 2012 Maria
724 1947 782 2014 Dei
805 1945 956 2026 Gemtrir,
980 1945 1053 2014 audi
1072 1964 1181 2030 preces
1201 1943 1381 2010 humilitate

141 2069 176 2116 ac
199 2047 313 2114 fiducia
339 2048 501 2130 subnixus,
533 2069 609 2133 quas
638 2051 698 2116 tibi
727 2069 782 2134 pro
810 2049 937 2118 Summo
967 2050 1135 2128 Pontifice,
1161 2049 1238 2118 Jesu
1261 2047 1380 2116 Christi

138 2153 273 2232 Vieario,
307 2152 482 2220 deferimus.
527 2153 586 2239 Eja
615 2155 726 2240 Mater,
759 2175 814 2239 per
842 2155 921 2221 illud
955 2152 1240 2240 splendidissimum
1262 2152 1380 2239 gloriae

138 2257 242 2337 clecus,
265 2276 325 2341 quo
348 2277 490 2324 coronam
512 2259 623 2344 capitis
646 2261 694 2326 tui
717 2261 898 2340 cumulavit,
922 2277 1017 2345 quum
1037 2261 1070 2328 te
1090 2258 1123 2324 in
1146 2258 1296 2342 conceptu
1317 2256 1381 2341 pri·

138 2361 292 2447 miganiae
322 2361 402 2428 labis
432 2364 586 2446 expertam
614 2361 793 2430 solemniter
823 2361 979 2446 definivit,
1010 2366 1047 2432 tu
1079 2366 1107 2431 ei
1134 2364 1200 2444 esto
1229 2363 1378 2430 solatium

138 2465 220 2530 inter
244 2465 478 2546 amaritudines,
503 2483 579 2550 quas
601 2467 640 2532 ab
663 2466 797 2553 ingratis
819 2467 893 2534 filiis
915 2468 1051 2552 patitur3
1073 2468 1106 2533 in
1129 2467 1237 2538 diebus
1267 2467 1380 2536 doloris

138 2567 381 2634 attentationis
415 2588 485 2634 enm
516 2570 661 2654 protege,
693 2572 782 2654 eique
811 2571 943 2655 impetra
966 2572 1006 2638 ab
1028 2572 1188 2658 unigenito
1214 2573 1294 2640 Eilio
1315 2575 1380 2654 tuo,

139 2673 175 2738 ut
197 2673 323 2758 plenam
352 2672 509 2740 Ecclesiae
538 2693 611 2740 suae
639 2675 802 2741 uictoriam
832 2675 933 2743 adhuc
965 2676 1066 2742 viator
1095 2677 1128 2744 in
1157 2677 1249 2744 terris
1275 2677 1379 2742 laetus

138 2775 301 2860 adspiciat.
344 2775 466 2862 Regina
487 2777 553 2846 sine
575 2777 645 2845 labe
668 2779 813 2865 originali
835 2782 991 2866 concepta,
1014 2799 1068 2848 ors
1089 2801 1144 2866 pro
1167 2781 1262 2850 nobis.
1309 2781 1377 2850 Ave
1422 2773 1431 2797 ”

136 2881 238 2947 Maria
259 2880 387 2966 (dicitur
408 2883 480 2966 ter.)

242 2983 354 3051 Sancte
383 2985 520 3054 Michael
548 2987 759 3072 archangele,
798 2987 912 3053 invicte
949 2988 1010 3056 dur
1046 2989 1179 3058 militiae
1216 2991 1376 3071 coelestis3

136 3093 233 3175 tuque
256 3088 383 3173 Joseph,
406 3089 569 3174 purissime
591 3109 699 3176 sponse
723 3091 842 3170 Mariae
863 3091 1013 3178 Virginis,
1035 3095 1125 3178 pater
1146 3095 1377 3178 putativeJesu

138 3194 268 3274 Christi,
292 3213 327 3260 ac
349 3193 506 3262 Ecclesiae
528 3195 699 3262 cathohcae
721 3199 865 3280 patrone:
888 3217 1002 3282 vosque
1023 3199 1128 3280 ehem,
1151 3199 1279 3286 monesi
1293 3199 1378 3284 priu-

137 3301 220 3384 cipes
244 3299 354 3378 terrae,
377 3300 478 3366 sancti
500 3301 641 3384 Apostoli
662 3300 756 3366 Petra
780 3303 812 3367 et
833 3303 941 3384 Paule,
964 3303 1147 3370 intercedite
1168 3322 1223 3388 pro
1239 3303 1378 3372 nohisml

136 3404 324 3486 Dominum,
355 3405 391 3469 nt
420 3403 460 3470 ad
489 3404 623 3490 gloriam
651 3423 742 3470 suam
769 3407 802 3472 et
830 3406 998 3488 Ecclesiae,
1021 3409 1053 3474 et
1073 3407 1114 3474 ad
1137 3405 1376 3474 consolationem

134 3505 277 3574 fidelium
306 3509 373 3575 toto
400 3509 472 3576 orbe
502 3509 654 3576 catholico
686 3509 883 3592 diffusorum,
915 3511 1042 3578 emittat
1065 3531 1088 3592 e
1127 3513 1220 3580 coelis
1258 3514 1373 3588 iterum

134 3613 292 3699 Angelum
314 3631 417 3693 suum,
438 3613 491 3697 qui
513 3614 590 3680 Jesu
613 3611 731 3680 Christi
754 3614 912 3682 Vicarinm
935 3615 1047 3700 eripiat
1069 3635 1085 3684 e
1107 3617 1251 3686 manibus
1271 3616 1377 3683 inimi·

135 3735 242 3782 corum
264 3735 400 3795 suorum,
424 3716 460 3782 ut
483 3735 594 3783 munus
616 3718 752 3801 supremi
774 3721 868 3802 atque
890 3717 1064 3786 infallibilis
1097 3721 1272 3806 magisterii
1301 3741 1375 3789 vera
1485 3754 1489 3762 ·

136 3821 279 3888 exerceat
300 3819 454 3886 libertate.
500 3821 604 3902 Pater,
628 3823 694 3888 Aue
715 3823 748 3887 et
769 3820 875 3890 Gloria
897 3823 996 3892 Patri.
1026 3876 1029 3884 .

240 3925 285 3991 Ut
307 3925 447 3994 inimicos
469 3928 594 3993 sanctae
616 3926 772 3994 Ecclesiae
795 3929 960 3996 humiliare
982 3928 1127 4015 digneris.

450 4030 494 4097 'Ee
516 4049 671 4118 rogamus,
693 4031 766 4098 andi
788 4053 853 4100 noe.

449 4135 553 4218 Patar,
577 4137 643 4202 Ave
665 4138 698 4202 et
719 4135 826 4204 Gloria
848 4139 948 4205 Patri.

241 4237 285 4304 Ut
307 4236 479 4304 Ecclesiam
501 4242 588 4305 tuam
611 4242 753 4306 sanctam
775 4260 882 4327 regere
904 4243 937 4308 et
958 4241 1131 4326 gubernare
1153 4239 1300 4325 digneris.

450 4343 493 4408 Ee
516 4361 673 4430 rogamus,
697 4343 771 4410 ancli
792 4363 856 4412 uos.

452 4447 556 4528 Pater,
579 4449 645 4514 Ave
668 4451 700 4516 et
722 4447 829 4515 Gloria
852 4449 950 4517 Patri.

242 4549 287 4615 Ut
316 4551 483 4618 Dominum
513 4553 717 4637 apostolicum
742 4554 774 4619 et
803 4573 909 4622 omnes
939 4553 1164 4621 ecclesiasticos
1193 4551 1315 4620 ordines
1345 4551 1378 4616 in

139 4657 251 4720 sancta
273 4655 421 4740 religione
443 4676 621 4724 conseruare
643 4657 789 4742 digneris.
1340 4679 1343 4684 ’

1069 4759 1172 4828 vill*
