2926 4948
35 336 114 400 rar.
135 343 227 398 carr.
246 337 388 412 Arenae.
412 335 594 399 ramosa
611 337 641 397 n.
660 341 687 397 a
706 337 753 397 aa.
773 338 992 399 occinente
1013 339 1110 401 uum.
1137 361 1188 416 ap.
1232 321 1293 392 311

33 514 99 593 iis,
124 533 255 598 quorum
279 513 392 581 scholis
416 513 582 598 collegium
604 515 737 596 praeest,
760 514 1050 580 communicandum
1068 515 1137 582 erit.
1181 516 1295 610 liipsi‚

37 618 104 700 qui
129 617 291 702 religionis
315 618 507 688 contemtum
531 619 636 699 aperte
659 616 840 700 praedicant
863 619 896 682 et
918 616 1077 682 credentes
1098 618 1132 683 in
1157 618 1295 703 judicem

32 721 266 804 judicaturum
287 722 373 788 rivos
394 723 427 787 et
449 722 587 786 mortuos
609 719 836 804 superst'tionis
859 721 1012 788 fanaticae
1041 722 1208 804 adcusant,
1237 741 1294 806 po-

38 826 125 908 pulo
148 827 254 892 tamen
287 825 471 909 persuadere
505 826 655 891 conantur
688 843 747 890 non
780 826 833 909 agi
863 825 900 890 de
922 825 983 891 fide
1005 825 1159 892 catholica
1180 827 1233 892 sed
1258 828 1296 894 de

40 929 127 996 cleri
150 929 322 1014 privilegiis
355 928 593 1012 commodisque.
640 927 872 994 Calumniarum
906 929 1057 996 habereut
1089 932 1295 1014 praetextum,

41 1033 77 1099 si
101 1034 256 1118 parochus
278 1033 342 1100 sive
366 1033 520 1117 inspector
543 1032 771 1100 ecclesiasticus
794 1033 923 1120 collegio
946 1053 979 1100 se
1002 1034 1153 1099 associare
1175 1034 1297 1101 detrec-

42 1138 147 1216 taret,
170 1136 334 1220 quincius
356 1137 497 1203 membra
519 1137 616 1202 animi
639 1156 657 1202 a
680 1137 797 1221 pietate
819 1140 852 1202 et
874 1138 1033 1221 acquitate
1056 1136 1176 1202 aduersi
1202 1137 1297 1204 docu-

42 1241 161 1306 menta
180 1239 332 1306 dederint.
377 1239 411 1306 Si
433 1241 537 1306 autem
562 1240 689 1306 consilio
712 1239 867 1319 valedicit,
895 1241 1039 1324 quoniam
1070 1241 1136 1325 ipso
1167 1242 1295 1324 nequid·

44 1363 149 1428 quam
169 1344 360 1412 reclamante
392 1345 472 1410 liber
504 1363 617 1428 prauus
651 1344 817 1427 adoptatur
840 1345 889 1410 rel
911 1344 1001 1410 homo
1024 1345 1139 1428 impius
1160 1344 1297 1412 ludima-

45 1447 154 1531 gister
177 1448 379 1514 constituitur
400 1449 456 1513 aut
478 1465 588 1532 pueros
610 1449 712 1514 verbis
734 1450 767 1514 et
789 1447 936 1531 exemplis
960 1465 1158 1532 corrumpens
1182 1449 1296 1514 tolcra-

47 1555 117 1630 tur‚
140 1552 276 1617 melioris
310 1553 400 1618 notae
435 1571 541 1618 omnes
564 1552 744 1637 intelligent
767 1553 800 1616 in
822 1552 940 1617 olerum
962 1552 1083 1629 saeviri,
1107 1551 1180 1635 quia
1202 1551 1295 1617 fidem

48 1653 215 1738 vitamque
238 1655 448 1721 Christianam
470 1655 671 1722 labefactans
694 1656 832 1722 resistat.
879 1653 977 1721 Caute
1000 1656 1129 1739 populus
1152 1657 1292 1722 tractan-

50 1757 114 1822 dus
138 1759 200 1824 est:
224 1757 338 1824 etenim
372 1758 433 1822 nisi
465 1759 622 1824 nobiscum
658 1760 721 1824 stet
755 1758 922 1824 adversarii
949 1757 1086 1824 scholam
1110 1759 1296 1826 catholicam

49 1861 141 1926 facili
164 1859 288 1946 negotio
309 1861 525 1928 devastabunt.

161 1967 212 2031 Ita
235 1967 363 2049 ngentm
396 1983 456 2030 non
490 1965 659 2044 habebunt,
693 1965 891 2049 qrramobrem
928 1965 1061 2031 timeant
1097 1965 1296 2052 »scandalum

51 2069 138 2152 apud
175 2067 292 2135 Christi
326 2068 444 2144 fideles,
478 2069 505 2134 si
539 2069 667 2135 rideant
700 2069 817 2134 clerum
852 2069 1007 2152 cooperari
1029 2069 1061 2133 in
1088 2070 1297 2136 executionem

50 2173 146 2258 legis,
169 2192 248 2256 quae
271 2172 365 2239 violat
392 2172 548 2238 Ecclesiae
574 2173 646 2257 jura
676 2173 708 2238 et
735 2171 984 2238 concordatum«
1030 2172 1238 2250 Multarum,
1261 2172 1298 2239 de

52 2277 169 2360 quibus
203 2275 335 2360 collegia
367 2275 559 2342 instituenda
593 2275 689 2342 salvis
719 2275 875 2341 Ecclesiae
894 2275 1017 2359 juribus
1041 2277 1074 2341 et
1096 2275 1299 2342 concordatus

53 2381 269 2447 sanctionibus
293 2381 456 2448 decernere
477 2382 634 2466 poterunt,
657 2380 697 2447 ad
719 2379 952 2464 impediendum
975 2399 1012 2446 ne
1035 2380 1119 2446 ultra
1142 2381 1189 2446 las
1212 2382 1298 2465 pote·

53 2486 141 2551 state
163 2485 238 2570 ipsis
260 2485 375 2551 collata
397 2487 538 2565 utantur,
561 2486 650 2570 proin
671 2485 710 2550 ad
733 2485 891 2550 Ecclesiae
917 2484 990 2568 jura
1019 2484 1051 2548 et
1081 2484 1297 2550 concordatum

55 2608 113 2674 pro
136 2590 252 2656 viribus
274 2590 499 2656 defendendum
522 2589 696 2656 sacerdotes
716 2589 756 2654 iis
776 2588 905 2673 adjungi
928 2589 1169 2672 permittuntnr;
1192 2588 1219 2653 si
1230 2607 1298 2653 mc·
1394 2651 1400 2662 ,

57 2693 136 2759 uitis
160 2713 264 2760 eorum
287 2694 530 2778 insuperhabitis
552 2693 717 2774 Ecclesiae,
740 2693 897 2771 familiae,
924 2692 1097 2777 juventutis
1127 2692 1298 2758 catholicae

51 2798 126 2882 jura
148 2798 302 2864 uiolentur
324 2816 422 2882 neque
444 2797 527 2864 malo
551 2797 693 2863 medendi
715 2815 785 2880 spes
808 2797 971 2881 affulgeat,
995 2815 1014 2860 a
1046 2795 1177 2881 collegio
1210 2814 1298 2862 rece-

57 2901 130 2966 dere
161 2901 361 2984 jubebuntur.
415 2900 563 2967 Nonnulli
597 2901 720 2985 putant,
755 2900 829 2966 viris
863 2898 1078 2966 ecclesiasticis
1112 2918 1131 2964 a
1164 2899 1299 2964 consiliis

57 3005 128 3070 istis
151 3005 379 3071 abstinentibus
401 3003 592 3071 Cubernium
614 3005 646 3070 in
669 3025 703 3070 re
726 3004 912 3070 scholastica
934 3003 1077 3070 nouanda
1099 3004 1148 3068 tot
1171 3003 1203 3068 et
1226 3005 1297 3068 tan·

58 3111 109 3173 tae
129 3109 316 3175 offensurum
339 3109 553 3186 difficultates,
575 3109 611 3174 ut
633 3127 757 3174 necesse
781 3109 920 3174 futurum
942 3107 985 3172 sit
1007 3125 1069 3186 eas,
1093 3107 1297 3191 quaehucus-

60 3229 118 3294 que
140 3211 256 3294 vigent,
289 3211 502 3277 institutiones
534 3211 708 3277 restituere.
753 3209 813 3277 Sed
848 3209 1048 3276 metuendum
1082 3211 1185 3293 potins
1208 3209 1299 3290 soret,

62 3333 100 3380 ne
121 3333 278 3380 assensum
301 3315 462 3398 praeberet
483 3315 657 3398 importune
679 3314 877 3398 poscentibus
900 3316 935 3378 ut
968 3313 1108 3378 Ecclesia
1141 3331 1160 3377 a
1192 3311 1300 3379 schola

61 3417 194 3502 regenda
214 3417 338 3500 penitus
360 3416 547 3496 excludatur,
570 3417 602 3484 et
625 3418 748 3502 culpam
769 3419 802 3483 in
824 3417 989 3501 Episcopus
1012 3416 1185 3500 conjiceret.

161 3518 263 3586 Craue
284 3520 346 3586 erit
367 3520 578 3588 sacerdotibus
601 3541 671 3587 curn
694 3521 956 3605 praedicatoribus
979 3519 1160 3584 acatholicis
1183 3522 1215 3584 et
1236 3519 1298 3585 Ju-

62 3624 205 3689 daeorum
227 3623 367 3689 rabbinis
388 3625 421 3689 in
444 3624 551 3690 eodem
574 3625 705 3711 collegio
729 3644 804 3706 esse,
828 3624 883 3690 sed
907 3642 976 3689 cum
999 3623 1039 3687 iis
1067 3623 1175 3688 sedere
1202 3621 1298 3688 susti-

63 3727 135 3792 nent
154 3727 386 3812 Archiepisoopi
409 3730 441 3794 et
462 3729 605 3813 Episcopi
625 3729 776 3796 Eranciae
808 3727 840 3793 in
874 3745 1052 3810 supremum
1085 3725 1299 3790 instructionis

64 3831 220 3896 conubium
242 3832 353 3899 vocati.
398 3833 509 3917 Iniqua
541 3836 614 3904 sunt
645 3835 786 3917 tompora
819 3833 852 3898 et
888 3831 927 3896 ad
962 3830 1073 3896 acerba
1096 3829 1151 3896 Dei
1175 3831 1207 3894 ct
1229 3828 1297 3893 aui-

64 3953 181 4001 marum
203 3954 306 4002 amore
328 3935 509 4002 susbnenda
531 3933 648 4002 Christi
670 3955 775 4003 seruus
798 3935 1129 4020 reaccingatoportet.
1153 3931 1298 3998 Ceterum

64 4039 95 4102 in
117 4040 202 4104 tanto
224 4039 455 4123 provinciapum
478 4041 627 4106 venciate
651 4041 750 4106 multa
772 4040 990 4123 Episcoporum
1024 4037 1216 4122 cingulorum
1246 4037 1299 4120 iu-

65 4141 139 4206 dicio
161 4143 363 4228 relinquenda
385 4146 493 4221 ernnt;
516 4145 565 4208 ast
588 4145 677 4227 plane
700 4143 907 4208 necessarium
937 4161 1003 4208 esso
1038 4141 1122 4224 puto,
1156 4141 1191 4204 ut
1225 4159 1299 4205 nus·

66 4265 153 4328 quam
175 4247 349 4314 sacerdotes
373 4249 465 4314 aliter
488 4267 582 4332 quam
607 4250 662 4312 aut
685 4247 715 4314 ui
745 4246 882 4312 muneris
911 4244 1097 4330 parochialis
1127 4245 1183 4309 aut
1211 4243 1298 4327 Epis·

66 4369 134 4432 copo
170 4352 348 4418 nominante
385 4352 450 4418 sire
486 4351 696 4418 consentiente
728 4350 864 4416 consiliis
898 4348 1092 4416 scholasticis
1134 4347 1297 4413 socientur.

67 4453 247 4520 Nullateuus
280 4455 475 4522 tolerandum
508 4458 565 4533 est,
598 4456 635 4520 ut
666 4455 803 4537 potestas
826 4451 926 4518 ciuilis
949 4452 1089 4536 rigorum
1113 4449 1299 4516 ecclesiasti·

67 4577 164 4621 corum
186 4576 297 4624 nomen
319 4559 358 4624 ad
382 4577 474 4642 prere
496 4560 586 4643 gesta
607 4557 719 4642 populo
741 4556 984 4623 commendanda
1006 4552 1200 4639 praetendat.

164 4661 219 4726 lli.
253 4661 311 4728 Ein
350 4662 456 4728 Erlass
496 4661 551 4729 des
584 4662 702 4728 bochw.
737 4659 1024 4745 Capitular-Vioars
1057 4659 1112 4724 dor
1145 4658 1299 4724 Brdaner
