3138 4928
183 253 243 310 Ltt.
261 253 314 309 Pte·
330 253 389 309 PP.
408 252 463 308 lX.
480 253 522 308 od
539 251 711 320 Episcopus
732 249 935 306 (101010πο000
954 250 982 304 d.
1001 248 1046 304 28.
1067 246 1197 304 October
1215 245 1301 302 1870.
1377 227 1406 294 V

164 445 219 511 pro
241 425 301 491 fide
323 426 370 491 ita
389 423 485 490 001010
506 441 560 506 010
583 421 715 488 00100010
735 421 897 500 0001101100,
920 420 961 486 ad
992 408 1090 506 cujus¹
1108 438 1220 484 munus
1248 417 1405 485 nobilissi-

164 551 250 596 mum
273 530 408 615 pertinet
431 528 601 608 ostendere,
628 527 781 611 quomodo
803 527 945 592 doctrina
967 545 1003 592 00
1025 525 1091 610 ipso
1115 541 1217 604 00000,
1240 540 1301 608 000
1330 521 1407 588 defi·

163 637 230 701 nita
251 636 307 715 000,
330 635 363 699 10
385 634 522 699 fontibus
545 630 745 698 revelationis
768 631 975 697 contineatur.

267 739 375 822 Neque
397 739 500 802 minus
522 736 617 802 iidem
640 735 791 814 homines,
814 737 964 819 qnantum
988 735 1020 800 in
1043 733 1119 818 ipsis
1141 733 1198 812 est,
1229 730 1269 798 ad
1299 731 1406 796 Eccle-

165 844 228 908 siae
250 844 282 908 00
303 841 375 908 fidei
398 841 570 909 catholicae
594 840 821 905 subversionem
845 839 989 919 tendunt,
1013 839 1087 904 dum
1110 858 1164 923 per
1187 834 1359 904 calumnias
1370 855 1407 900 as

163 947 342 1031 praetentus
364 965 488 1030 prorsus
520 946 637 1024 inanes,
672 943 933 1029 quamadmodum
966 944 999 1009 in
1021 944 1136 1011 litteris
1158 940 1365 1028 pastoralibus
1388 958 1408 1005 a

165 1049 210 1115 Fe
233 1051 265 1116 et
285 1051 324 1115 ab
348 1051 416 1116 aliis
439 1049 678 1116 Venerabilihus
701 1049 865 1114 Fratribus
886 1049 1045 1133 Episcopis
1068 1047 1252 1115 Germaniae
1275 1043 1314 1110 ad
1336 1062 1407 1129 gre-

164 1173 218 1240 ges
244 1156 360 1221 vestros
383 1153 509 1219 directis
532 1152 708 1237 significare
731 1171 791 1218 nou
816 1152 975 1234 omisistis,
999 1152 1063 1218 illis
1091 1152 1156 1217 suis
1185 1146 1406 1234 perniciosissi-

164 1258 223 1323 mis
246 1257 368 1340 scriptis
395 1256 551 1322 affirmare
578 1256 800 1339 praesumunt,
831 1256 896 1322 sive
926 1255 959 1321 iu
986 1255 1054 1340 ipsa
1083 1253 1263 1320 definitione
1285 1253 1351 1320 sive
1373 1252 1406 1317 in

163 1362 411 1447 promulgatione
444 1361 639 1428 decretorum
673 1360 892 1426 consiliarium
929 1378 966 1425 ac
999 1360 1161 1444 speciatim
1188 1357 1346 1442 dogmatis
1367 1357 1406 1422 ds

163 1465 296 1534 Romani
320 1464 477 1530 Pontifisia'
500 1455 726 1530 infallibilitate
751 1463 869 1548 aliquid
892 1463 1026 1530 defuisse
1049 1464 1238 1548 adplenum
1270 1461 1405 1528 valorem

164 1571 257 1638 etad
279 1571 402 1654 plenam
425 1569 644 1635 auctoritatem
667 1565 796 1634 Consilii
818 1567 1008 1634 oecumenici
1021 1567 1279 1633 constituendam.
1325 1563 1405 1630 Sane

164 1677 196 1741 in
219 1675 277 1740 hoc
298 1674 493 1740 sacrosancto
516 1673 710 1739 oecumenico
734 1672 870 1739 Consilio
893 1672 1106 1739 assistentiam
1136 1669 1270 1756 Spiritus
1299 1668 1406 1736 Sancti

161 1779 201 1844 ad
222 1778 480 1844 infallibilitatem
504 1778 719 1844 definitionum
743 1797 856 1862 negare
879 1796 940 1843 non
962 1778 1092 1862 possunt
1115 1777 1175 1841 nisi
1190 1795 1226 1842 ax
1238 1771 1405 1859 principiis,

162 1883 274 1967 quihus
297 1881 465 1946 universim
488 1880 717 1964 supernaturali
740 1881 963 1947 infallibilitati
994 1882 1087 1965 atque
1116 1879 1193 1945 adeo
1223 1877 1406 1963 proprietati

162 1985 322 2052 essentiali
344 1985 503 2050 llcclesiae
525 1985 695 2051 catholicae
718 1986 835 2050 bellum
858 1985 1015 2051 indicitur.
1062 1983 1162 2049 Nemo
1176 1983 1403 2068 serteignorat,

163 2088 317 2156 similibus
340 2088 552 2173 praetextibus
576 2089 707 2155 aliorum
731 2089 828 2155 etiam
849 2088 1057 2156 Consiliorum
1080 2087 1275 2154 definitiones
1297 2085 1404 2166 abiis,

161 2213 293 2278 qnorum
316 2213 433 2260 errores
456 2193 652 2260 condemnati
675 2195 775 2273 arant,
807 2195 985 2279 impugnari
1017 2191 1227 2272 consuevisse,
1258 2191 1406 2274 quemad·

162 2298 287 2364 modum
310 2298 488 2364 notissimae
511 2298 685 2364 calumniae
708 2299 934 2378 demonstrant,
957 2299 1069 2382 quibus
1092 2300 1161 2363 tum
1183 2296 1247 2361 alia
1262 2314 1405 2361 oecume-

162 2403 232 2467 nica
254 2401 391 2467 Consilia
413 2403 451 2467 ab
475 2402 555 2480 aliis,
579 2403 647 2467 tum
671 2403 834 2486 speciatim
856 2403 1070 2468 Florentinum
1094 2420 1131 2468 ac
1154 2399 1406 2466 Tridentinuma

163 2505 369 2572 schismaticis
390 2507 422 2572 et
444 2506 609 2571 haereticis
625 2507 846 2572 recentioribus
860 2507 898 2573 ad
921 2526 1010 2572 suam
1031 2507 1197 2591 perniciem
1221 2504 1303 2572 etad
1315 2504 1406 2589 spiri·

163 2611 281 2676 tualem
303 2609 424 2674 ruinam
447 2607 650 2691 plurimorum
672 2611 858 2693 impugnata
881 2612 962 2676 snut.

268 2715 402 2779 Tantam
425 2711 614 2796 degenerum
636 2712 770 2778 filiorum
793 2715 1020 2797 perversionem
1044 2732 1079 2780 ac
1101 2713 1193 2778 tauta
1214 2712 1351 2797 pericula
1372 2714 1406 2779 in

164 2837 242 2902 0000
269 2817 455 2901 improvidos
492 2819 524 2883 et
552 2817 728 2902 imperitos,
758 2818 891 2884 maxime
924 2837 994 2884 vero
1022 2818 1181 2884 incautam
1209 2818 1405 2902 juventutem

164 2921 348 3007 conjiciunt,
378 2923 530 3005 quomodo
559 2941 717 3006 possemus
751 2923 818 2989 sine
846 2924 956 2989 intimo
987 2922 1086 2988 cordis
1115 2921 1225 2988 Nostri
1248 2921 1351 2989 dolore
1373 2924 1405 2988 00

165 3027 230 3092 0100
253 3027 367 3092 amaris
395 3027 537 3111 acrymis
560 3026 700 3092 intueri?
722 3024 832 3092 Sinum
856 3027 968 3093 Matris
992 3027 1150 3094 Ecclesiae
1172 3045 1191 3092 0
1214 3027 1405 3110 0110100100

164 3131 276 3196 nutriti
299 3133 381 3210 sunt,
405 3130 498 3214 impie
520 3130 670 3210 lacerant,
693 3131 797 3197 cibum
820 3132 1015 3198 salutiferum
1038 3133 1077 3197 ab
1110 3150 1147 3197 00
1173 3132 1318 3215 paratum
1347 3151 1402 3198 10-

166 3235 253 3300 00010
275 3235 478 3314 commutant,
502 3235 595 3317 atqua
617 3236 650 3300 iu
673 3235 848 3320 superbiam
872 3235 946 3302 elati
969 3235 1142 3318 scientiam,
1165 3255 1226 3319 qna
1247 3235 1325 3302 01100
1337 3255 1407 3301 010-

165 3339 230 3404 dire
253 3338 400 3404 deberent
429 3338 641 3418 adsalutem,
671 3339 704 3404 10
731 3357 820 3406 00010
843 3341 876 3406 00
898 3341 1029 3407 01101010
1053 3337 1257 3423 perditionem
1280 3357 1405 3404 conver-

167 3444 249 3509 tunt.
294 3443 332 3508 In
364 3443 422 3508 hoc
455 3442 553 3526 igitur
586 3443 659 3507 fidei
693 3446 726 3509 et
758 3444 871 3510 salutis
905 3445 1081 3511 animarum
1114 3443 1265 3528 sangnine
1289 3441 1407 3510 Christi

164 3547 391 3631 redemptarum
414 3545 603 3625 discrimine,
625 3564 681 3630 pro
703 3547 916 3613 sollicitudine
938 3548 1077 3614 omnium
1101 3547 1311 3613 Fsslesiarnm
1326 3566 1406 3631 quae

164 3650 262 3718 Nobis
283 3651 444 3730 incumbit,
468 3652 630 3716 hortamur
652 3652 685 3718 et
707 3652 912 3732 obsecramus,
935 3651 1129 3718 Venerabilis
1152 3651 1272 3731 Frater,
1303 3651 1406 3718 Tuum

164 3755 264 3820 zelum
302 3755 465 3839 Tuumqne
500 3774 635 3821 amorem
669 3775 744 3842 erga
778 3776 921 3841 sponsam
956 3757 1033 3823 Jesu
1068 3756 1187 3823 Christi
1220 3755 1406 3822 catholicam

163 3859 344 3941 Ecclesiam,
367 3862 403 3926 ut
427 3860 474 3924 Tu
498 3878 569 3923 cum
591 3860 720 3944 reliquis
743 3861 902 3946 Fpiscopis
924 3863 957 3927 in
981 3861 1156 3944 Germania,
1180 3861 1277 3928 unitis
1294 3861 1406 3927 animia

165 3980 201 4027 ac
223 3963 359 4028 consiliis
381 3964 413 4029 et
435 3963 519 4029 omni
542 3981 633 4046 opera
655 3965 722 4029 tum
745 3983 799 4049 per
821 3968 957 4032 vestram
979 3967 1165 4050 pastoralem
1178 3966 1405 4050 auctoritatem,

165 4065 407 4149 providentiam,
429 4067 621 4148 doctrinam,
653 4069 720 4133 turn
742 4087 797 4152 per
820 4068 898 4135 alios
924 4068 1081 4153 adjutores
1111 4070 1245 4150 vestros,
1276 4089 1407 4154 00010111

164 4170 236 4236 fidei
258 4171 425 4256 integritas
448 4191 485 4237 00
508 4173 649 4238 doctrina
672 4173 930 4258 vobisperspeota
943 4176 1000 4253 000,
1024 4174 1211 4240 amentibus
1225 4174 1406 4241 cunctorum

164 4273 303 4340 fidelium
334 4277 455 4342 vestrae
486 4295 577 4342 curae
607 4278 840 4343 commissorum
869 4280 963 4363 00000
994 4278 1026 4343 10
1049 4278 1158 4362 primis
1182 4277 1406 4346 catholicorum

161 4379 310 4463 juvenum
332 4380 386 4463 qui
417 4381 449 4446 in
479 4381 593 4446 scholis
623 4381 824 4460 erudiuntur,
855 4384 987 4449 arceatis
1009 4382 1147 4466 pericula
1171 4382 1406 4450 labefactandae

164 4481 238 4548 fidei
260 4483 449 4562 catholisae;
483 4504 518 4550 ac
551 4487 704 4568 quantum
738 4505 792 4569 par
825 4485 963 4551 divinam
998 4487 1134 4571 01001010
1157 4486 1277 4567 1010010,
1301 4506 1407 4554 omnes

165 4585 303 4653 imbuere
327 4605 362 4652 ac
386 4589 567 4656 confirmare
590 4589 743 4656 studeatis
765 4589 798 4654 in
820 4588 997 4656 ohedientia
1018 4591 1051 4656 00
1062 4609 1165 4655 amore
1181 4609 1253 4678 erga
1265 4593 1404 4656 sanctam
