<?xml version="1.0" encoding="UTF-8"?>
<!DOCTYPE html PUBLIC "-//W3C//DTD XHTML 1.0 Transitional//EN"
    "http://www.w3.org/TR/xhtml1/DTD/xhtml1-transitional.dtd">
<html xmlns="http://www.w3.org/1999/xhtml" xml:lang="en" lang="en">
 <head>
  <title>
</title>
<meta http-equiv="Content-Type" content="text/html;charset=utf-8" />
  <meta name='ocr-system' content='tesseract 3.04.00' />
  <meta name='ocr-capabilities' content='ocr_page ocr_carea ocr_par ocr_line ocrx_word'/>
</head>
<body>
  <div class='ocr_page' id='page_1' title='image "./archivfrkatholi23jurigoog_0119.png"; bbox 0 0 3112 4928; ppageno 0'>
   <div class='ocr_carea' id='block_1_1' title="bbox 291 330 1362 440">
    <p class='ocr_par' dir='ltr' id='par_1_1' title="bbox 291 330 1362 440">
     <span class='ocr_line' id='line_1_1' title="bbox 291 330 1362 440; baseline -0.003 -19"><span class='ocrx_word' id='word_1_1' title='bbox 291 361 383 421; x_wconf 82' lang='lat' dir='ltr'>Gedct</span> <span class='ocrx_word' id='word_1_2' title='bbox 398 366 454 434; x_wconf 76' lang='lat' dir='ltr'>sar</span> <span class='ocrx_word' id='word_1_3' title='bbox 472 367 532 422; x_wconf 83' lang='lat' dir='ltr'>decc</span> <span class='ocrx_word' id='word_1_4' title='bbox 550 366 648 437; x_wconf 79' lang='lat' dir='ltr'>Paper</span> <span class='ocrx_word' id='word_1_5' title='bbox 664 368 700 424; x_wconf 81' lang='lat' dir='ltr'>tra</span> <span class='ocrx_word' id='word_1_6' title='bbox 717 341 904 440; x_wconf 70' lang='lat' dir='ltr'>p&#39;cpcnwdrt.</span> <span class='ocrx_word' id='word_1_7' title='bbox 923 367 1185 440; x_wconf 75' lang='lat' dir='ltr'>Bedrdrsgetescra.</span> <span class='ocrx_word' id='word_1_8' title='bbox 1258 330 1362 418; x_wconf 69' lang='lat' dir='ltr'>CXIII</span> 
     </span>
    </p>
   </div>
   <div class='ocr_carea' id='block_1_2' title="bbox 119 537 1364 1042">
    <p class='ocr_par' dir='ltr' id='par_1_2' title="bbox 119 537 1364 1042">
     <span class='ocr_line' id='line_1_2' title="bbox 122 537 1364 621; baseline 0.003 -20"><span class='ocrx_word' id='word_1_9' title='bbox 122 537 169 602; x_wconf 92' lang='lat' dir='ltr'>uti</span> <span class='ocrx_word' id='word_1_10' title='bbox 202 555 313 621; x_wconf 88' lang='lat' dir='ltr'>panem</span> <span class='ocrx_word' id='word_1_11' title='bbox 344 537 382 604; x_wconf 89' lang='lat' dir='ltr'>de</span> <span class='ocrx_word' id='word_1_12' title='bbox 410 539 494 605; x_wconf 91' lang='lat' dir='ltr'>coelo</span> <span class='ocrx_word' id='word_1_13' title='bbox 527 539 707 606; x_wconf 76' lang='lat' dir='ltr'><strong>descensum</strong></span> <span class='ocrx_word' id='word_1_14' title='bbox 729 539 865 606; x_wconf 76' lang='lat' dir='ltr'>sumeret</span> <span class='ocrx_word' id='word_1_15' title='bbox 886 539 925 608; x_wconf 91' lang='lat' dir='ltr'>ad</span> <span class='ocrx_word' id='word_1_16' title='bbox 947 541 1044 608; x_wconf 84' lang='lat' dir='ltr'>vitam</span> <span class='ocrx_word' id='word_1_17' title='bbox 1073 541 1231 608; x_wconf 76' lang='lat' dir='ltr'>aeternam</span> <span class='ocrx_word' id='word_1_18' title='bbox 1256 557 1364 606; x_wconf 88' lang='lat' dir='ltr'>cense-</span> 
     </span>
     <span class='ocr_line' id='line_1_3' title="bbox 121 641 1364 730; baseline 0.002 -23"><span class='ocrx_word' id='word_1_19' title='bbox 121 641 284 726; x_wconf 86' lang='lat' dir='ltr'>qucndam.</span> <span class='ocrx_word' id='word_1_20' title='bbox 329 643 375 710; x_wconf 92' lang='lat' dir='ltr'>Ob</span> <span class='ocrx_word' id='word_1_21' title='bbox 401 643 565 711; x_wconf 86' lang='lat' dir='ltr'>sublimem</span> <span class='ocrx_word' id='word_1_22' title='bbox 597 646 678 712; x_wconf 91' lang='lat' dir='ltr'>hanc</span> <span class='ocrx_word' id='word_1_23' title='bbox 711 645 914 730; x_wconf 86' lang='lat' dir='ltr'>dignitatem,</span> <span class='ocrx_word' id='word_1_24' title='bbox 949 664 1043 730; x_wconf 89' lang='lat' dir='ltr'>quam</span> <span class='ocrx_word' id='word_1_25' title='bbox 1065 643 1150 712; x_wconf 92' lang='lat' dir='ltr'>Deus</span> <span class='ocrx_word' id='word_1_26' title='bbox 1183 643 1364 712; x_wconf 89' lang='lat' dir='ltr'>fidelissimo</span> 
     </span>
     <span class='ocr_line' id='line_1_4' title="bbox 121 739 1364 833; baseline 0.001 -21"><span class='ocrx_word' id='word_1_27' title='bbox 121 747 194 812; x_wconf 90' lang='lat' dir='ltr'>huic</span> <span class='ocrx_word' id='word_1_28' title='bbox 217 765 304 814; x_wconf 84' lang='lat' dir='ltr'>serso</span> <span class='ocrx_word' id='word_1_29' title='bbox 327 765 382 812; x_wconf 91' lang='lat' dir='ltr'>suo</span> <span class='ocrx_word' id='word_1_30' title='bbox 404 749 556 831; x_wconf 86' lang='lat' dir='ltr'>eontulit,</span> <span class='ocrx_word' id='word_1_31' title='bbox 580 768 699 832; x_wconf 81' lang='lat' dir='ltr'>semper</span> <span class='ocrx_word' id='word_1_32' title='bbox 722 747 944 815; x_wconf 80' lang='lat' dir='ltr'>BeatIssimum</span> <span class='ocrx_word' id='word_1_33' title='bbox 965 747 1137 833; x_wconf 86' lang='lat' dir='ltr'>Josephum</span> <span class='ocrx_word' id='word_1_34' title='bbox 1161 747 1231 832; x_wconf 87' lang='lat' dir='ltr'>post</span> <span class='ocrx_word' id='word_1_35' title='bbox 1253 739 1364 832; x_wconf 76' lang='lat' dir='ltr'>Deipa-</span> 
     </span>
     <span class='ocr_line' id='line_1_5' title="bbox 119 849 1363 938; baseline 0.002 -22"><span class='ocrx_word' id='word_1_36' title='bbox 119 869 188 916; x_wconf 88' lang='lat' dir='ltr'>ram</span> <span class='ocrx_word' id='word_1_37' title='bbox 210 849 373 935; x_wconf 78' lang='lat' dir='ltr'>Virginem</span> <span class='ocrx_word' id='word_1_38' title='bbox 395 851 462 938; x_wconf 90' lang='lat' dir='ltr'>ejus</span> <span class='ocrx_word' id='word_1_39' title='bbox 485 851 633 936; x_wconf 84' lang='lat' dir='ltr'>Sponsam</span> <span class='ocrx_word' id='word_1_40' title='bbox 657 851 796 919; x_wconf 80' lang='lat' dir='ltr'>Ecclesia</span> <span class='ocrx_word' id='word_1_41' title='bbox 817 852 1064 920; x_wconf 90' lang='lat' dir='ltr'>summobonore</span> <span class='ocrx_word' id='word_1_42' title='bbox 1086 849 1279 918; x_wconf 86' lang='lat' dir='ltr'>aclaudibus</span> <span class='ocrx_word' id='word_1_43' title='bbox 1292 870 1363 936; x_wconf 92' lang='lat' dir='ltr'>pre·</span> 
     </span>
     <span class='ocr_line' id='line_1_6' title="bbox 122 955 1364 1042; baseline 0.003 -22"><span class='ocrx_word' id='word_1_44' title='bbox 122 957 255 1039; x_wconf 88' lang='lat' dir='ltr'>sequuta</span> <span class='ocrx_word' id='word_1_45' title='bbox 288 957 346 1035; x_wconf 87' lang='lat' dir='ltr'>est,</span> <span class='ocrx_word' id='word_1_46' title='bbox 380 955 577 1042; x_wconf 88' lang='lat' dir='ltr'>ejusdemque</span> <span class='ocrx_word' id='word_1_47' title='bbox 610 957 821 1024; x_wconf 78' lang='lat' dir='ltr'>interventum</span> <span class='ocrx_word' id='word_1_48' title='bbox 855 957 887 1023; x_wconf 91' lang='lat' dir='ltr'>in</span> <span class='ocrx_word' id='word_1_49' title='bbox 920 958 1012 1024; x_wconf 88' lang='lat' dir='ltr'>rebus</span> <span class='ocrx_word' id='word_1_50' title='bbox 1046 956 1144 1024; x_wconf 84' lang='lat' dir='ltr'>anxiis</span> <span class='ocrx_word' id='word_1_51' title='bbox 1176 955 1364 1041; x_wconf 79' lang='lat' dir='ltr'>imploravit.</span> 
     </span>
    </p>
   </div>
   <div class='ocr_carea' id='block_1_3' title="bbox 121 1162 1367 1566">
    <p class='ocr_par' dir='ltr' id='par_1_3' title="bbox 121 1162 1367 1566">
     <span class='ocr_line' id='line_1_7' title="bbox 121 1162 1366 1253; baseline 0 -23"><span class='ocrx_word' id='word_1_52' title='bbox 121 1164 260 1248; x_wconf 88' lang='lat' dir='ltr'>undique</span> <span class='ocrx_word' id='word_1_53' title='bbox 292 1165 446 1231; x_wconf 89' lang='lat' dir='ltr'>insectata</span> <span class='ocrx_word' id='word_1_54' title='bbox 477 1165 553 1232; x_wconf 88' lang='lat' dir='ltr'>adeo</span> <span class='ocrx_word' id='word_1_55' title='bbox 585 1167 779 1251; x_wconf 82' lang='lat' dir='ltr'>gravioribus</span> <span class='ocrx_word' id='word_1_56' title='bbox 812 1167 1003 1253; x_wconf 87' lang='lat' dir='ltr'>opprimatur</span> <span class='ocrx_word' id='word_1_57' title='bbox 1035 1162 1287 1248; x_wconf 81' lang='lat' dir='ltr'>calamitatibus,</span> <span class='ocrx_word' id='word_1_58' title='bbox 1330 1165 1366 1231; x_wconf 92' lang='lat' dir='ltr'>ut</span> 
     </span>
     <span class='ocr_line' id='line_1_8' title="bbox 121 1267 1365 1356; baseline 0.002 -22"><span class='ocrx_word' id='word_1_59' title='bbox 121 1267 212 1353; x_wconf 91' lang='lat' dir='ltr'>impii</span> <span class='ocrx_word' id='word_1_60' title='bbox 236 1269 375 1336; x_wconf 88' lang='lat' dir='ltr'>hemines</span> <span class='ocrx_word' id='word_1_61' title='bbox 395 1272 498 1355; x_wconf 89' lang='lat' dir='ltr'>portas</span> <span class='ocrx_word' id='word_1_62' title='bbox 524 1271 616 1338; x_wconf 87' lang='lat' dir='ltr'>inferi</span> <span class='ocrx_word' id='word_1_63' title='bbox 639 1271 785 1340; x_wconf 86' lang='lat' dir='ltr'>adversus</span> <span class='ocrx_word' id='word_1_64' title='bbox 814 1291 883 1338; x_wconf 88' lang='lat' dir='ltr'>eam</span> <span class='ocrx_word' id='word_1_65' title='bbox 913 1272 1039 1340; x_wconf 91' lang='lat' dir='ltr'>taudem</span> <span class='ocrx_word' id='word_1_66' title='bbox 1065 1269 1241 1356; x_wconf 79' lang='lat' dir='ltr'>praevalere</span> <span class='ocrx_word' id='word_1_67' title='bbox 1271 1269 1327 1336; x_wconf 92' lang='lat' dir='ltr'>aut</span> <span class='ocrx_word' id='word_1_68' title='bbox 1348 1305 1365 1320; x_wconf 91' lang='lat'><em>-</em></span> 
     </span>
     <span class='ocr_line' id='line_1_9' title="bbox 121 1371 1366 1454; baseline 0.002 -16"><span class='ocrx_word' id='word_1_69' title='bbox 121 1371 258 1454; x_wconf 79' lang='lat' dir='ltr'>manent,</span> <span class='ocrx_word' id='word_1_70' title='bbox 280 1373 560 1442; x_wconf 87' lang='lat' dir='ltr'>ideollenerabiles</span> <span class='ocrx_word' id='word_1_71' title='bbox 583 1375 718 1443; x_wconf 89' lang='lat' dir='ltr'>universi</span> <span class='ocrx_word' id='word_1_72' title='bbox 741 1375 832 1443; x_wconf 84' lang='lat' dir='ltr'>Orbis</span> <span class='ocrx_word' id='word_1_73' title='bbox 848 1374 1002 1443; x_wconf 85' lang='lat' dir='ltr'>Catholici</span> <span class='ocrx_word' id='word_1_74' title='bbox 1014 1373 1176 1444; x_wconf 89' lang='lat' dir='ltr'>Sacrorum</span> <span class='ocrx_word' id='word_1_75' title='bbox 1198 1374 1366 1442; x_wconf 83' lang='lat' dir='ltr'>Antistites</span> 
     </span>
     <span class='ocr_line' id='line_1_10' title="bbox 121 1474 1367 1566; baseline 0.002 -24"><span class='ocrx_word' id='word_1_76' title='bbox 121 1495 197 1543; x_wconf 88' lang='lat' dir='ltr'>snas</span> <span class='ocrx_word' id='word_1_77' title='bbox 220 1496 256 1544; x_wconf 90' lang='lat' dir='ltr'>ac</span> <span class='ocrx_word' id='word_1_78' title='bbox 279 1474 536 1547; x_wconf 83' lang='lat' dir='ltr'>Christiddelium</span> <span class='ocrx_word' id='word_1_79' title='bbox 570 1499 674 1547; x_wconf 90' lang='lat' dir='ltr'>eorum</span> <span class='ocrx_word' id='word_1_80' title='bbox 708 1500 799 1548; x_wconf 89' lang='lat' dir='ltr'>curae</span> <span class='ocrx_word' id='word_1_81' title='bbox 832 1479 1077 1548; x_wconf 84' lang='lat' dir='ltr'>concredItorum</span> <span class='ocrx_word' id='word_1_82' title='bbox 1107 1498 1212 1566; x_wconf 89' lang='lat' dir='ltr'>preces</span> <span class='ocrx_word' id='word_1_83' title='bbox 1241 1476 1367 1546; x_wconf 81' lang='lat' dir='ltr'>Sirmm&#39;o</span> 
     </span>
    </p>
   </div>
   <div class='ocr_carea' id='block_1_4' title="bbox 121 1581 1485 1670">
    <p class='ocr_par' dir='ltr' id='par_1_4' title="bbox 121 1581 1485 1670">
     <span class='ocr_line' id='line_1_11' title="bbox 121 1581 1485 1670; baseline 0.001 -23"><span class='ocrx_word' id='word_1_84' title='bbox 121 1581 272 1648; x_wconf 82' lang='lat' dir='ltr'>Pontifici</span> <span class='ocrx_word' id='word_1_85' title='bbox 292 1585 503 1668; x_wconf 82' lang='lat' dir='ltr'>porrexerunt,</span> <span class='ocrx_word' id='word_1_86' title='bbox 527 1584 638 1669; x_wconf 86' lang='lat' dir='ltr'>quibus</span> <span class='ocrx_word' id='word_1_87' title='bbox 661 1585 819 1670; x_wconf 81' lang='lat' dir='ltr'>petebant,</span> <span class='ocrx_word' id='word_1_88' title='bbox 842 1585 878 1650; x_wconf 91' lang='lat' dir='ltr'>ut</span> <span class='ocrx_word' id='word_1_89' title='bbox 892 1583 1040 1652; x_wconf 91' lang='lat' dir='ltr'>Sanctum</span> <span class='ocrx_word' id='word_1_90' title='bbox 1061 1583 1233 1670; x_wconf 87' lang='lat' dir='ltr'>Josephum</span> <span class='ocrx_word' id='word_1_91' title='bbox 1251 1581 1367 1649; x_wconf 79' lang='lat' dir='ltr'>(tatho-</span> <span class='ocrx_word' id='word_1_92' title='bbox 1482 1613 1485 1618; x_wconf 93' lang='lat'><em>·</em></span> 
     </span>
    </p>
   </div>
   <div class='ocr_carea' id='block_1_5' title="bbox 61 1677 1371 2300">
    <p class='ocr_par' dir='ltr' id='par_1_5' title="bbox 61 1677 1371 2300">
     <span class='ocr_line' id='line_1_12' title="bbox 122 1677 1367 1776; baseline 0.002 -24"><span class='ocrx_word' id='word_1_93' title='bbox 122 1686 206 1753; x_wconf 88' lang='lat' dir='ltr'>licas</span> <span class='ocrx_word' id='word_1_94' title='bbox 233 1686 389 1754; x_wconf 81' lang='lat' dir='ltr'>Ecclesiae</span> <span class='ocrx_word' id='word_1_95' title='bbox 417 1689 590 1754; x_wconf 82' lang='lat' dir='ltr'>Patronem</span> <span class='ocrx_word' id='word_1_96' title='bbox 623 1691 810 1756; x_wconf 90' lang='lat' dir='ltr'>constituere</span> <span class='ocrx_word' id='word_1_97' title='bbox 840 1689 1031 1776; x_wconf 82' lang='lat' dir='ltr'>dignaretur.</span> <span class='ocrx_word' id='word_1_98' title='bbox 1075 1687 1196 1755; x_wconf 88' lang='lat' dir='ltr'>Deinde</span> <span class='ocrx_word' id='word_1_99' title='bbox 1218 1677 1301 1754; x_wconf 67' lang='lat' dir='ltr'>&#39;cum</span> <span class='ocrx_word' id='word_1_100' title='bbox 1334 1687 1367 1755; x_wconf 88' lang='lat' dir='ltr'>in</span> 
     </span>
     <span class='ocr_line' id='line_1_13' title="bbox 61 1789 1369 1878; baseline 0.002 -20"><span class='ocrx_word' id='word_1_101' title='bbox 61 1865 65 1872; x_wconf 60' lang='grc'>,</span> <span class='ocrx_word' id='word_1_102' title='bbox 122 1789 220 1858; x_wconf 87' lang='lat' dir='ltr'>Sacra</span> <span class='ocrx_word' id='word_1_103' title='bbox 251 1791 453 1860; x_wconf 87' lang='lat' dir='ltr'>Occumeuica</span> <span class='ocrx_word' id='word_1_104' title='bbox 486 1792 608 1878; x_wconf 81' lang='lat' dir='ltr'>Syneta</span> <span class='ocrx_word' id='word_1_105' title='bbox 638 1793 788 1860; x_wconf 81' lang='lat' dir='ltr'>Vaticana</span> <span class='ocrx_word' id='word_1_106' title='bbox 810 1793 946 1878; x_wconf 63' lang='lat' dir='ltr'>{easdem</span> <span class='ocrx_word' id='word_1_107' title='bbox 980 1793 1204 1878; x_wconf 84' lang='lat' dir='ltr'>postulationes</span> <span class='ocrx_word' id='word_1_108' title='bbox 1238 1793 1369 1860; x_wconf 83' lang='lat' dir='ltr'>strete</span> 
     </span>
     <span class='ocr_line' id='line_1_14' title="bbox 123 1895 1368 1976; baseline 0.002 -14"><span class='ocrx_word' id='word_1_109' title='bbox 123 1895 246 1962; x_wconf 80' lang='lat' dir='ltr'>enixius</span> <span class='ocrx_word' id='word_1_110' title='bbox 275 1898 483 1976; x_wconf 84' lang='lat' dir='ltr'>renovassent,</span> <span class='ocrx_word' id='word_1_111' title='bbox 524 1896 741 1964; x_wconf 85' lang='lat' dir='ltr'>Sanctissimae</span> <span class='ocrx_word' id='word_1_112' title='bbox 774 1898 925 1964; x_wconf 88' lang='lat' dir='ltr'>Dominus</span> <span class='ocrx_word' id='word_1_113' title='bbox 957 1899 1072 1965; x_wconf 88' lang='lat' dir='ltr'>Noster</span> <span class='ocrx_word' id='word_1_114' title='bbox 1103 1897 1184 1967; x_wconf 82' lang='lat' dir='ltr'>Ptes</span> <span class='ocrx_word' id='word_1_115' title='bbox 1215 1897 1279 1965; x_wconf 88' lang='lat' dir='ltr'>PP.</span> <span class='ocrx_word' id='word_1_116' title='bbox 1312 1896 1368 1965; x_wconf 89' lang='lat' dir='ltr'>III.</span> 
     </span>
     <span class='ocr_line' id='line_1_15' title="bbox 123 2000 1370 2088; baseline 0.002 -23"><span class='ocrx_word' id='word_1_117' title='bbox 123 2000 304 2084; x_wconf 89' lang='lat' dir='ltr'>nuperrima</span> <span class='ocrx_word' id='word_1_118' title='bbox 324 2019 360 2066; x_wconf 90' lang='lat' dir='ltr'>ac</span> <span class='ocrx_word' id='word_1_119' title='bbox 382 2001 523 2068; x_wconf 82' lang='lat' dir='ltr'>luctuosa</span> <span class='ocrx_word' id='word_1_120' title='bbox 545 2020 648 2068; x_wconf 87' lang='lat' dir='ltr'>rerum</span> <span class='ocrx_word' id='word_1_121' title='bbox 670 2003 844 2069; x_wconf 80' lang='lat' dir='ltr'>conditore</span> <span class='ocrx_word' id='word_1_122' title='bbox 874 2005 1056 2084; x_wconf 85' lang='lat' dir='ltr'>commotus,</span> <span class='ocrx_word' id='word_1_123' title='bbox 1086 2005 1124 2070; x_wconf 89' lang='lat' dir='ltr'>ut</span> <span class='ocrx_word' id='word_1_124' title='bbox 1153 2003 1370 2088; x_wconf 87' lang='lat' dir='ltr'>potentissimo</span> 
     </span>
     <span class='ocr_line' id='line_1_16' title="bbox 123 2104 1371 2193; baseline 0.002 -21"><span class='ocrx_word' id='word_1_125' title='bbox 123 2105 235 2173; x_wconf 86' lang='lat' dir='ltr'>Sancti</span> <span class='ocrx_word' id='word_1_126' title='bbox 257 2104 600 2190; x_wconf 85' lang='lat' dir='ltr'>PatriarcbaeJesephi</span> <span class='ocrx_word' id='word_1_127' title='bbox 622 2107 792 2193; x_wconf 89' lang='lat' dir='ltr'>patrocinio</span> <span class='ocrx_word' id='word_1_128' title='bbox 816 2125 848 2172; x_wconf 85' lang='lat' dir='ltr'>se</span> <span class='ocrx_word' id='word_1_129' title='bbox 871 2127 907 2176; x_wconf 89' lang='lat' dir='ltr'>ac</span> <span class='ocrx_word' id='word_1_130' title='bbox 935 2107 1058 2175; x_wconf 81' lang='lat' dir='ltr'>Fideles</span> <span class='ocrx_word' id='word_1_131' title='bbox 1088 2125 1193 2176; x_wconf 89' lang='lat' dir='ltr'>onmes</span> <span class='ocrx_word' id='word_1_132' title='bbox 1227 2107 1371 2176; x_wconf 78' lang='lat' dir='ltr'>commit-</span> 
     </span>
     <span class='ocr_line' id='line_1_17' title="bbox 123 2207 1370 2300; baseline 0.003 -24"><span class='ocrx_word' id='word_1_133' title='bbox 123 2211 226 2300; x_wconf 81' lang='lat' dir='ltr'>teret,</span> <span class='ocrx_word' id='word_1_134' title='bbox 262 2207 425 2276; x_wconf 86' lang='lat' dir='ltr'>Sacrorum</span> <span class='ocrx_word' id='word_1_135' title='bbox 448 2209 635 2276; x_wconf 86' lang='lat' dir='ltr'>Antistitum</span> <span class='ocrx_word' id='word_1_136' title='bbox 658 2209 738 2277; x_wconf 86' lang='lat' dir='ltr'>rotis</span> <span class='ocrx_word' id='word_1_137' title='bbox 761 2210 939 2277; x_wconf 84' lang='lat' dir='ltr'>satisfacere</span> <span class='ocrx_word' id='word_1_138' title='bbox 960 2211 1077 2294; x_wconf 82' lang='lat' dir='ltr'>voluit,</span> <span class='ocrx_word' id='word_1_139' title='bbox 1100 2229 1231 2298; x_wconf 84' lang='lat' dir='ltr'>sumque</span> <span class='ocrx_word' id='word_1_140' title='bbox 1254 2210 1370 2280; x_wconf 83' lang='lat' dir='ltr'>Ootbo·</span> 
     </span>
    </p>
   </div>
   <div class='ocr_carea' id='block_1_6' title="bbox 124 2313 1547 2400">
    <p class='ocr_par' dir='ltr' id='par_1_6' title="bbox 124 2313 1547 2400">
     <span class='ocr_line' id='line_1_18' title="bbox 124 2313 1547 2400; baseline -0.001 -18"><span class='ocrx_word' id='word_1_141' title='bbox 124 2317 210 2382; x_wconf 81' lang='lat' dir='ltr'>licea</span> <span class='ocrx_word' id='word_1_142' title='bbox 241 2313 406 2382; x_wconf 75' lang='lat' dir='ltr'>Ecclesiae</span> <span class='ocrx_word' id='word_1_143' title='bbox 438 2315 613 2382; x_wconf 74' lang='lat' dir='ltr'>Patronem</span> <span class='ocrx_word' id='word_1_144' title='bbox 651 2315 830 2382; x_wconf 87' lang='lat' dir='ltr'>solemniter</span> <span class='ocrx_word' id='word_1_145' title='bbox 860 2315 1048 2394; x_wconf 79' lang='lat' dir='ltr'>declaravit3</span> <span class='ocrx_word' id='word_1_146' title='bbox 1080 2313 1227 2400; x_wconf 85' lang='lat' dir='ltr'>illiusque</span> <span class='ocrx_word' id='word_1_147' title='bbox 1256 2317 1371 2384; x_wconf 86' lang='lat' dir='ltr'>festum</span> <span class='ocrx_word' id='word_1_148' title='bbox 1445 2360 1450 2376; x_wconf 74' lang='lat'>.</span> <span class='ocrx_word' id='word_1_149' title='bbox 1546 2321 1547 2352; x_wconf 77' lang='lat'>³</span> 
     </span>
    </p>
   </div>
   <div class='ocr_carea' id='block_1_7' title="bbox 122 2417 1372 3338">
    <p class='ocr_par' dir='ltr' id='par_1_7' title="bbox 122 2417 1372 3026">
     <span class='ocr_line' id='line_1_19' title="bbox 124 2417 1371 2506; baseline 0.002 -22"><span class='ocrx_word' id='word_1_150' title='bbox 124 2419 178 2485; x_wconf 91' lang='lat' dir='ltr'>die</span> <span class='ocrx_word' id='word_1_151' title='bbox 197 2417 399 2486; x_wconf 89' lang='lat' dir='ltr'>decimanona</span> <span class='ocrx_word' id='word_1_152' title='bbox 420 2419 527 2486; x_wconf 86' lang='lat' dir='ltr'>Martii</span> <span class='ocrx_word' id='word_1_153' title='bbox 551 2438 729 2500; x_wconf 87' lang='lat' dir='ltr'>occurrens,</span> <span class='ocrx_word' id='word_1_154' title='bbox 762 2419 795 2486; x_wconf 93' lang='lat' dir='ltr'>in</span> <span class='ocrx_word' id='word_1_155' title='bbox 811 2422 976 2504; x_wconf 82' lang='lat' dir='ltr'>,posterum</span> <span class='ocrx_word' id='word_1_156' title='bbox 999 2419 1056 2486; x_wconf 89' lang='lat' dir='ltr'>sub</span> <span class='ocrx_word' id='word_1_157' title='bbox 1079 2420 1145 2486; x_wconf 80' lang='lat' dir='ltr'>rItu</span> <span class='ocrx_word' id='word_1_158' title='bbox 1164 2419 1283 2506; x_wconf 88' lang='lat' dir='ltr'>duplici</span> <span class='ocrx_word' id='word_1_159' title='bbox 1304 2420 1371 2506; x_wconf 84' lang='lat' dir='ltr'>pri·</span> 
     </span>
     <span class='ocr_line' id='line_1_20' title="bbox 124 2521 1371 2611; baseline 0.001 -21"><span class='ocrx_word' id='word_1_160' title='bbox 124 2542 197 2590; x_wconf 88' lang='lat' dir='ltr'>mae</span> <span class='ocrx_word' id='word_1_161' title='bbox 220 2523 345 2604; x_wconf 88' lang='lat' dir='ltr'>classis,</span> <span class='ocrx_word' id='word_1_162' title='bbox 378 2523 518 2590; x_wconf 88' lang='lat' dir='ltr'>attamen</span> <span class='ocrx_word' id='word_1_163' title='bbox 540 2523 606 2588; x_wconf 89' lang='lat' dir='ltr'>siue</span> <span class='ocrx_word' id='word_1_164' title='bbox 635 2523 745 2590; x_wconf 85' lang='lat' dir='ltr'>octava</span> <span class='ocrx_word' id='word_1_165' title='bbox 773 2523 893 2590; x_wconf 85' lang='lat' dir='ltr'>ratione</span> <span class='ocrx_word' id='word_1_166' title='bbox 920 2521 1193 2611; x_wconf 86' lang='lat' dir='ltr'>Quadragosimae‚</span> <span class='ocrx_word' id='word_1_167' title='bbox 1222 2523 1371 2592; x_wconf 82' lang='lat' dir='ltr'>celebrari</span> 
     </span>
     <span class='ocr_line' id='line_1_21' title="bbox 123 2627 1368 2716; baseline 0.002 -22"><span class='ocrx_word' id='word_1_168' title='bbox 123 2627 297 2696; x_wconf 79' lang='lat' dir='ltr'>mandarit</span> <span class='ocrx_word' id='word_1_169' title='bbox 344 2627 502 2713; x_wconf 87' lang='lat' dir='ltr'>Disposuit</span> <span class='ocrx_word' id='word_1_170' title='bbox 524 2628 651 2711; x_wconf 88' lang='lat' dir='ltr'>insuper</span> <span class='ocrx_word' id='word_1_171' title='bbox 678 2629 716 2692; x_wconf 90' lang='lat' dir='ltr'>ut</span> <span class='ocrx_word' id='word_1_172' title='bbox 737 2627 796 2694; x_wconf 89' lang='lat' dir='ltr'>hac</span> <span class='ocrx_word' id='word_1_173' title='bbox 818 2627 868 2694; x_wconf 90' lang='lat' dir='ltr'>die</span> <span class='ocrx_word' id='word_1_174' title='bbox 890 2627 1043 2712; x_wconf 89' lang='lat' dir='ltr'>Deiparao</span> <span class='ocrx_word' id='word_1_175' title='bbox 1063 2629 1189 2716; x_wconf 84' lang='lat' dir='ltr'>Virgini</span> <span class='ocrx_word' id='word_1_176' title='bbox 1210 2627 1368 2697; x_wconf 90' lang='lat' dir='ltr'>Immacu-</span> 
     </span>
     <span class='ocr_line' id='line_1_22' title="bbox 123 2729 1372 2820; baseline 0.002 -22"><span class='ocrx_word' id='word_1_177' title='bbox 123 2733 212 2798; x_wconf 89' lang='lat' dir='ltr'>latao</span> <span class='ocrx_word' id='word_1_178' title='bbox 244 2751 280 2798; x_wconf 89' lang='lat' dir='ltr'>ac</span> <span class='ocrx_word' id='word_1_179' title='bbox 305 2731 474 2798; x_wconf 89' lang='lat' dir='ltr'>castissimi</span> <span class='ocrx_word' id='word_1_180' title='bbox 494 2731 623 2817; x_wconf 89' lang='lat' dir='ltr'>Josephi</span> <span class='ocrx_word' id='word_1_181' title='bbox 646 2729 781 2815; x_wconf 85' lang='lat' dir='ltr'>Sponsae</span> <span class='ocrx_word' id='word_1_182' title='bbox 803 2749 893 2798; x_wconf 89' lang='lat' dir='ltr'>sacra</span> <span class='ocrx_word' id='word_1_183' title='bbox 914 2732 1092 2817; x_wconf 90' lang='lat' dir='ltr'>hujusmodi</span> <span class='ocrx_word' id='word_1_184' title='bbox 1114 2733 1284 2800; x_wconf 83' lang='lat' dir='ltr'>declaratio</span> <span class='ocrx_word' id='word_1_185' title='bbox 1316 2751 1372 2820; x_wconf 84' lang='lat' dir='ltr'>per</span> 
     </span>
     <span class='ocr_line' id='line_1_23' title="bbox 122 2834 1368 2925; baseline 0.002 -23"><span class='ocrx_word' id='word_1_186' title='bbox 122 2854 273 2921; x_wconf 89' lang='lat' dir='ltr'>praesens</span> <span class='ocrx_word' id='word_1_187' title='bbox 302 2834 466 2902; x_wconf 88' lang='lat' dir='ltr'>Sacromm</span> <span class='ocrx_word' id='word_1_188' title='bbox 491 2837 622 2902; x_wconf 87' lang='lat' dir='ltr'>Ritnum</span> <span class='ocrx_word' id='word_1_189' title='bbox 652 2835 910 2922; x_wconf 77' lang='lat' dir='ltr'>congregacionis</span> <span class='ocrx_word' id='word_1_190' title='bbox 940 2837 1107 2904; x_wconf 86' lang='lat' dir='ltr'>Decretum</span> <span class='ocrx_word' id='word_1_191' title='bbox 1140 2838 1257 2922; x_wconf 87' lang='lat' dir='ltr'>publici</span> <span class='ocrx_word' id='word_1_192' title='bbox 1287 2838 1368 2925; x_wconf 86' lang='lat' dir='ltr'>juris</span> 
     </span>
     <span class='ocr_line' id='line_1_24' title="bbox 122 2940 1015 3026; baseline -0.001 -18"><span class='ocrx_word' id='word_1_193' title='bbox 122 2943 224 3008; x_wconf 85' lang='lat' dir='ltr'>fieret</span> <span class='ocrx_word' id='word_1_194' title='bbox 269 2940 438 3007; x_wconf 75' lang='lat' dir='ltr'>Contrariis</span> <span class='ocrx_word' id='word_1_195' title='bbox 460 2941 736 3008; x_wconf 81' lang='lat' dir='ltr'>nonobstantibus</span> <span class='ocrx_word' id='word_1_196' title='bbox 759 2941 1015 3026; x_wconf 86' lang='lat' dir='ltr'>quibuscumque.</span> 
     </span>
    </p>

    <p class='ocr_par' dir='ltr' id='par_1_8' title="bbox 174 3043 955 3112">
     <span class='ocr_line' id='line_1_25' title="bbox 174 3043 955 3112; baseline 0.003 -2"><span class='ocrx_word' id='word_1_197' title='bbox 174 3087 180 3094; x_wconf 89' lang='lat'><em>-</em></span> <span class='ocrx_word' id='word_1_198' title='bbox 232 3045 290 3110; x_wconf 90' lang='lat' dir='ltr'>Dis</span> <span class='ocrx_word' id='word_1_199' title='bbox 312 3045 398 3112; x_wconf 88' lang='lat' dir='ltr'>VIII.</span> <span class='ocrx_word' id='word_1_200' title='bbox 421 3044 599 3111; x_wconf 88' lang='lat' dir='ltr'>Decembris</span> <span class='ocrx_word' id='word_1_201' title='bbox 622 3043 695 3110; x_wconf 88' lang='lat' dir='ltr'>anni</span> <span class='ocrx_word' id='word_1_202' title='bbox 716 3043 955 3112; x_wconf 83' lang='lat' dir='ltr'>MDDCDLXX.</span> 
     </span>
    </p>

    <p class='ocr_par' dir='ltr' id='par_1_9' title="bbox 122 3147 1368 3338">
     <span class='ocr_line' id='line_1_26' title="bbox 174 3147 1368 3233; baseline 0.001 -18"><span class='ocrx_word' id='word_1_203' title='bbox 174 3147 210 3215; x_wconf 82' lang='lat' dir='ltr'>(t.</span> <span class='ocrx_word' id='word_1_204' title='bbox 233 3149 402 3233; x_wconf 80' lang='lat' dir='ltr'>Episcopus</span> <span class='ocrx_word' id='word_1_205' title='bbox 425 3147 542 3216; x_wconf 76' lang='lat' dir='ltr'>OstIsn.</span> <span class='ocrx_word' id='word_1_206' title='bbox 565 3149 598 3216; x_wconf 88' lang='lat' dir='ltr'>ct</span> <span class='ocrx_word' id='word_1_207' title='bbox 619 3147 808 3216; x_wconf 85' lang='lat' dir='ltr'>Velitemen.</span> <span class='ocrx_word' id='word_1_208' title='bbox 834 3149 924 3216; x_wconf 83' lang='lat' dir='ltr'>Card.</span> <span class='ocrx_word' id='word_1_209' title='bbox 946 3147 1125 3218; x_wconf 70' lang='lat' dir='ltr'>Patricia.</span> <span class='ocrx_word' id='word_1_210' title='bbox 1148 3147 1184 3216; x_wconf 75' lang='lat' dir='ltr'>E</span> <span class='ocrx_word' id='word_1_211' title='bbox 1208 3147 1240 3216; x_wconf 77' lang='lat' dir='ltr'>(t.</span> <span class='ocrx_word' id='word_1_212' title='bbox 1263 3148 1368 3216; x_wconf 85' lang='lat' dir='ltr'>Praei.</span> 
     </span>
     <span class='ocr_line' id='line_1_27' title="bbox 122 3251 1329 3338; baseline 0.003 -18"><span class='ocrx_word' id='word_1_213' title='bbox 122 3255 206 3320; x_wconf 91' lang='lat' dir='ltr'>Loco</span> <span class='ocrx_word' id='word_1_214' title='bbox 229 3255 252 3336; x_wconf 93' lang='lat'><strong>†</strong></span> <span class='ocrx_word' id='word_1_215' title='bbox 275 3251 373 3338; x_wconf 83' lang='lat' dir='ltr'>Signi.</span> <span class='ocrx_word' id='word_1_216' title='bbox 647 3251 1040 3322; x_wconf 63' lang='lat' dir='ltr'>usercenses.</span> <span class='ocrx_word' id='word_1_217' title='bbox 1064 3251 1264 3321; x_wconf 87' lang='lat' dir='ltr'>Secretarius.</span> <span class='ocrx_word' id='word_1_218' title='bbox 1327 3317 1329 3325; x_wconf 82' lang='grc'>,</span> 
     </span>
    </p>
   </div>
   <div class='ocr_carea' id='block_1_8' title="bbox 179 3561 1311 3891">
    <p class='ocr_par' dir='ltr' id='par_1_10' title="bbox 179 3561 1311 3891">
     <span class='ocr_line' id='line_1_28' title="bbox 407 3561 1087 3666; baseline 0.006 -23"><span class='ocrx_word' id='word_1_219' title='bbox 407 3563 484 3645; x_wconf 81' lang='lat' dir='ltr'>llll.</span> <span class='ocrx_word' id='word_1_220' title='bbox 509 3563 864 3666; x_wconf 80' lang='lat' dir='ltr'>Zellocnrdsso</span> <span class='ocrx_word' id='word_1_221' title='bbox 892 3561 1087 3648; x_wconf 81' lang='lat' dir='ltr'>debeis</span> 
     </span>
     <span class='ocr_line' id='line_1_29' title="bbox 179 3701 1311 3790; baseline -0.001 -20"><span class='ocrx_word' id='word_1_222' title='bbox 179 3711 211 3770; x_wconf 85' lang='lat'>1.</span> <span class='ocrx_word' id='word_1_223' title='bbox 235 3702 333 3770; x_wconf 79' lang='lat' dir='ltr'>Gctct</span> <span class='ocrx_word' id='word_1_224' title='bbox 352 3704 410 3785; x_wconf 78' lang='lat' dir='ltr'>fs&#39;r‘r</span> <span class='ocrx_word' id='word_1_225' title='bbox 431 3703 492 3770; x_wconf 81' lang='lat' dir='ltr'>ders</span> <span class='ocrx_word' id='word_1_226' title='bbox 513 3702 615 3786; x_wconf 84' lang='lat' dir='ltr'>Pepst</span> <span class='ocrx_word' id='word_1_227' title='bbox 635 3705 671 3770; x_wconf 82' lang='lat' dir='ltr'>c‘rs</span> <span class='ocrx_word' id='word_1_228' title='bbox 693 3703 754 3770; x_wconf 81' lang='lat' dir='ltr'>dcc</span> <span class='ocrx_word' id='word_1_229' title='bbox 772 3705 1020 3790; x_wconf 62' lang='lat' dir='ltr'>capacensem</span> <span class='ocrx_word' id='word_1_230' title='bbox 1041 3701 1311 3788; x_wconf 72' lang='lat' dir='ltr'>Bcdrciepcr&#39;ssec.</span> 
     </span>
     <span class='ocr_line' id='line_1_30' title="bbox 489 3818 1006 3891; baseline 0.004 -3"><span class='ocrx_word' id='word_1_231' title='bbox 489 3821 697 3890; x_wconf 77' lang='lat' dir='ltr'>LITTERAE</span> <span class='ocrx_word' id='word_1_232' title='bbox 721 3818 1006 3891; x_wconf 78' lang='lat' dir='ltr'>APOS&#39;IOLIOAE</span> 
     </span>
    </p>
   </div>
   <div class='ocr_carea' id='block_1_9' title="bbox 122 3927 1369 4016">
    <p class='ocr_par' dir='ltr' id='par_1_11' title="bbox 122 3927 1369 4016">
     <span class='ocr_line' id='line_1_31' title="bbox 122 3927 1369 4016; baseline 0 -22"><span class='ocrx_word' id='word_1_233' title='bbox 122 3927 246 4010; x_wconf 82' lang='lat' dir='ltr'>Quibus</span> <span class='ocrx_word' id='word_1_234' title='bbox 279 3927 483 4014; x_wconf 88' lang='lat' dir='ltr'>indulgentiis</span> <span class='ocrx_word' id='word_1_235' title='bbox 513 3932 667 4015; x_wconf 87' lang='lat' dir='ltr'>augentur</span> <span class='ocrx_word' id='word_1_236' title='bbox 691 3929 760 4016; x_wconf 91' lang='lat' dir='ltr'>piae</span> <span class='ocrx_word' id='word_1_237' title='bbox 789 3928 942 4014; x_wconf 88' lang='lat' dir='ltr'>quaedam</span> <span class='ocrx_word' id='word_1_238' title='bbox 973 3927 1166 4016; x_wconf 88' lang='lat' dir='ltr'>procationes</span> <span class='ocrx_word' id='word_1_239' title='bbox 1207 3927 1369 3996; x_wconf 83' lang='lat' dir='ltr'>Praesenti</span> 
     </span>
    </p>
   </div>
   <div class='ocr_carea' id='block_1_10' title="bbox 553 4033 929 4102">
    <p class='ocr_par' dir='ltr' id='par_1_12' title="bbox 553 4033 929 4102">
     <span class='ocr_line' id='line_1_32' title="bbox 553 4033 929 4102; baseline 0.005 -3"><span class='ocrx_word' id='word_1_240' title='bbox 553 4053 656 4101; x_wconf 90' lang='lat' dir='ltr'>rerum</span> <span class='ocrx_word' id='word_1_241' title='bbox 678 4034 765 4100; x_wconf 91' lang='lat' dir='ltr'>statu</span> <span class='ocrx_word' id='word_1_242' title='bbox 787 4033 929 4102; x_wconf 73' lang='lat' dir='ltr'>duants.</span> 
     </span>
    </p>
   </div>
   <div class='ocr_carea' id='block_1_11' title="bbox 588 4135 895 4206">
    <p class='ocr_par' dir='ltr' id='par_1_13' title="bbox 588 4135 895 4206">
     <span class='ocr_line' id='line_1_33' title="bbox 588 4135 895 4206; baseline 0 -2"><span class='ocrx_word' id='word_1_243' title='bbox 588 4135 817 4206; x_wconf 87' lang='lat' dir='ltr'>PIUSPP.</span> <span class='ocrx_word' id='word_1_244' title='bbox 840 4137 895 4205; x_wconf 88' lang='lat' dir='ltr'>IX.</span> 
     </span>
    </p>
   </div>
   <div class='ocr_carea' id='block_1_12' title="bbox 127 4235 1368 4400">
    <p class='ocr_par' dir='ltr' id='par_1_14' title="bbox 127 4235 1368 4400">
     <span class='ocr_line' id='line_1_34' title="bbox 127 4235 1368 4314; baseline -0.001 -15"><span class='ocrx_word' id='word_1_245' title='bbox 127 4243 291 4300; x_wconf 70' lang='lat' dir='ltr'>Umberets</span> <span class='ocrx_word' id='word_1_246' title='bbox 325 4241 582 4314; x_wconf 62' lang='lat' dir='ltr'>conscenderetur</span> <span class='ocrx_word' id='word_1_247' title='bbox 609 4243 942 4314; x_wconf 55' lang='lat' dir='ltr'>praesentassemus</span> <span class='ocrx_word' id='word_1_248' title='bbox 964 4246 1156 4314; x_wconf 65' lang='lat' dir='ltr'>inspecturis</span> <span class='ocrx_word' id='word_1_249' title='bbox 1180 4235 1368 4299; x_wconf 79' lang='lat' dir='ltr'>salutemet</span> 
     </span>
     <span class='ocr_line' id='line_1_35' title="bbox 507 4329 987 4400; baseline -0.008 -15"><span class='ocrx_word' id='word_1_250' title='bbox 507 4329 715 4400; x_wconf 74' lang='lat' dir='ltr'>apostolicam</span> <span class='ocrx_word' id='word_1_251' title='bbox 733 4330 987 4386; x_wconf 68' lang='lat' dir='ltr'>benedictionem.</span> 
     </span>
    </p>
   </div>
   <div class='ocr_carea' id='block_1_13' title="bbox 122 4429 1367 4736">
    <p class='ocr_par' dir='ltr' id='par_1_15' title="bbox 122 4429 1367 4736">
     <span class='ocr_line' id='line_1_36' title="bbox 229 4429 1365 4517; baseline 0.001 -20"><span class='ocrx_word' id='word_1_252' title='bbox 229 4433 267 4497; x_wconf 92' lang='lat' dir='ltr'>In</span> <span class='ocrx_word' id='word_1_253' title='bbox 289 4431 347 4512; x_wconf 85' lang='lat' dir='ltr'>tet,</span> <span class='ocrx_word' id='word_1_254' title='bbox 370 4433 530 4516; x_wconf 85' lang='lat' dir='ltr'>tantIsqus</span> <span class='ocrx_word' id='word_1_255' title='bbox 551 4450 655 4498; x_wconf 89' lang='lat' dir='ltr'>rerum</span> <span class='ocrx_word' id='word_1_256' title='bbox 677 4431 897 4516; x_wconf 87' lang='lat' dir='ltr'>asperitatibus</span> <span class='ocrx_word' id='word_1_257' title='bbox 909 4432 1003 4516; x_wconf 86' lang='lat' dir='ltr'>atque</span> <span class='ocrx_word' id='word_1_258' title='bbox 1016 4429 1170 4517; x_wconf 87' lang='lat' dir='ltr'>angustils</span> <span class='ocrx_word' id='word_1_259' title='bbox 1180 4432 1365 4515; x_wconf 87' lang='lat' dir='ltr'>tempomm,</span> 
     </span>
     <span class='ocr_line' id='line_1_37' title="bbox 122 4535 1366 4622; baseline -0.002 -18"><span class='ocrx_word' id='word_1_260' title='bbox 122 4536 335 4622; x_wconf 70' lang='lat' dir='ltr'>quibusdum,</span> <span class='ocrx_word' id='word_1_261' title='bbox 358 4537 589 4622; x_wconf 84' lang='lat' dir='ltr'>Ecclesiamque</span> <span class='ocrx_word' id='word_1_262' title='bbox 611 4555 701 4603; x_wconf 88' lang='lat' dir='ltr'>suam</span> <span class='ocrx_word' id='word_1_263' title='bbox 724 4537 808 4620; x_wconf 89' lang='lat' dir='ltr'>Deus</span> <span class='ocrx_word' id='word_1_264' title='bbox 831 4536 949 4604; x_wconf 81' lang='lat' dir='ltr'>versari</span> <span class='ocrx_word' id='word_1_265' title='bbox 958 4535 1126 4620; x_wconf 80' lang='lat' dir='ltr'>parmIttit,</span> <span class='ocrx_word' id='word_1_266' title='bbox 1145 4535 1366 4604; x_wconf 85' lang='lat' dir='ltr'>attentatione</span> 
     </span>
     <span class='ocr_line' id='line_1_38' title="bbox 122 4639 1367 4736; baseline 0 -29"><span class='ocrx_word' id='word_1_267' title='bbox 122 4641 248 4725; x_wconf 91' lang='lat' dir='ltr'>probati</span> <span class='ocrx_word' id='word_1_268' title='bbox 270 4641 355 4708; x_wconf 86' lang='lat' dir='ltr'>vitae</span> <span class='ocrx_word' id='word_1_269' title='bbox 377 4659 521 4710; x_wconf 89' lang='lat' dir='ltr'>coronam</span> <span class='ocrx_word' id='word_1_270' title='bbox 537 4641 711 4736; x_wconf 88' lang='lat' dir='ltr'>promereri</span> <span class='ocrx_word' id='word_1_271' title='bbox 732 4641 901 4723; x_wconf 85' lang='lat' dir='ltr'>valeamus,</span> <span class='ocrx_word' id='word_1_272' title='bbox 924 4641 1052 4726; x_wconf 89' lang='lat' dir='ltr'>quidam</span> <span class='ocrx_word' id='word_1_273' title='bbox 1074 4639 1276 4724; x_wconf 80' lang='lat' dir='ltr'>exfidelibus,</span> <span class='ocrx_word' id='word_1_274' title='bbox 1297 4659 1367 4708; x_wconf 79' lang='lat' dir='ltr'>me-</span> 
     </span>
    </p>
   </div>
   <div class='ocr_carea' id='block_1_14' title="bbox 122 4743 1366 4908">
    <p class='ocr_par' dir='ltr' id='par_1_16' title="bbox 122 4743 1366 4908">
     <span class='ocr_line' id='line_1_39' title="bbox 122 4743 1366 4830; baseline -0.001 -19"><span class='ocrx_word' id='word_1_275' title='bbox 122 4764 226 4811; x_wconf 91' lang='lat' dir='ltr'>mores</span> <span class='ocrx_word' id='word_1_276' title='bbox 249 4744 345 4830; x_wconf 83' lang='lat' dir='ltr'>quod,</span> <span class='ocrx_word' id='word_1_277' title='bbox 374 4743 448 4816; x_wconf 83' lang='lat' dir='ltr'>dum</span> <span class='ocrx_word' id='word_1_278' title='bbox 483 4745 595 4812; x_wconf 89' lang='lat' dir='ltr'>Petrus</span> <span class='ocrx_word' id='word_1_279' title='bbox 622 4749 797 4812; x_wconf 85' lang='lat' dir='ltr'>seruaretur</span> <span class='ocrx_word' id='word_1_280' title='bbox 825 4745 1017 4827; x_wconf 83' lang='lat' dir='ltr'>incarcere,</span> <span class='ocrx_word' id='word_1_281' title='bbox 1048 4745 1147 4811; x_wconf 87' lang='lat' dir='ltr'>oratic</span> <span class='ocrx_word' id='word_1_282' title='bbox 1176 4745 1272 4812; x_wconf 88' lang='lat' dir='ltr'>fiebat</span> <span class='ocrx_word' id='word_1_283' title='bbox 1300 4745 1366 4812; x_wconf 90' lang='lat' dir='ltr'>sine</span> 
     </span>
     <span class='ocr_line' id='line_1_40' title="bbox 147 4851 1158 4908; baseline 0 0"><span class='ocrx_word' id='word_1_284' title='bbox 147 4869 224 4908; x_wconf 74' lang='lat' dir='ltr'>Irchlr</span> <span class='ocrx_word' id='word_1_285' title='bbox 238 4870 270 4908; x_wconf 75' lang='lat' dir='ltr'>nr</span> <span class='ocrx_word' id='word_1_286' title='bbox 283 4867 435 4908; x_wconf 66' lang='lat' dir='ltr'>ffleurcstrt.</span> <span class='ocrx_word' id='word_1_287' title='bbox 449 4867 509 4908; x_wconf 80' lang='lat' dir='ltr'>nv.</span> <span class='ocrx_word' id='word_1_288' title='bbox 1079 4851 1158 4908; x_wconf 71' lang='lat' dir='ltr'>vm</span> 
     </span>
    </p>
   </div>
   <div class='ocr_carea' id='block_1_15' title="bbox 0 0 1562 4928">
    <p class='ocr_par' dir='ltr' id='par_1_17' title="bbox 0 0 1562 4928">
     <span class='ocr_line' id='line_1_41' title="bbox 0 0 1562 4928; baseline 0 0"><span class='ocrx_word' id='word_1_289' title='bbox 0 0 1562 4928; x_wconf 95' lang='lat' dir='ltr'> </span> 
     </span>
    </p>
   </div>
  </div>
 </body>
</html>
