3112 4928
160 305 261 376 0va
273 325 363 384 ocor.
382 341 406 384 a.
425 341 512 400 eosq.
531 325 655 400 renero.
675 328 704 383 a.
723 327 751 383 e.
772 327 834 384 oca.
853 301 949 384 raro.-
968 327 1062 384 oeteo
1078 341 1134 384 um
1151 327 1281 398 usuram
1296 329 1406 386 noes.

471 499 515 566 Te
538 517 694 586 rogamus,
719 499 793 567 audi
815 515 879 568 nos.

472 603 578 684 Pater,
600 604 668 670 Ave
690 605 724 671 st
746 603 852 672 Gloria
875 605 974 672 Patri.

263 722 287 777 r
309 705 440 774 Oramus
460 725 517 793 pro
538 707 690 776 Pontifioe
712 711 818 776 nostro
841 710 907 776 Pio.

261 831 288 896 n
310 811 462 878 Dominus
484 813 646 878 conservet
666 831 747 894 sum,
772 815 804 880 et
825 812 964 880 viviticat
985 831 1068 894 eum,
1090 815 1123 878 et
1146 814 1272 880 beatum
1304 815 1403 881 iaoiat

159 933 229 982 enm
250 914 284 981 in
302 915 396 998 tarra,
420 917 454 983 et
474 935 536 982 non
557 916 664 984 tradet
685 933 757 984 eum
778 917 812 983 in
833 937 929 984 manu
950 915 1147 984 inimIoornm
1169 917 1248 1003 ejus.

688 1020 884 1088 Oramus

262 1121 464 1208 Omnipotens
492 1124 678 1210 sempiterne
705 1125 800 1206 Deus,
831 1126 977 1192 miserere
1013 1123 1130 1191 famulo
1165 1124 1220 1192 tuo
1256 1126 1405 1194 Pontifici
1549 1087 1550 1142 3

158 1228 264 1294 nostro
286 1227 361 1294 Pio:
385 1230 418 1294 et
439 1226 541 1314 dirige
563 1248 635 1296 enm
657 1230 828 1298 seeundum
850 1231 938 1296 tuam
961 1229 1159 1296 elementiam
1181 1228 1215 1295 in
1243 1229 1325 1296 mam
1355 1249 1405 1297 sa·

159 1331 236 1398 lutis
258 1332 421 1416 aeternam
451 1331 488 1399 ut
515 1335 547 1399 te
575 1333 710 1400 donante
739 1334 800 1400 tibi
827 1334 945 1418 placita
973 1333 1090 1418 cupiat,
1121 1336 1153 1401 et
1187 1335 1257 1401 tota
1286 1333 1405 1401 virtute

161 1435 314 1522 perfioiat.
359 1437 421 1504 Per
443 1436 603 1506 Christum
626 1437 795 1506 Dominum
814 1439 966 1506 nostrum.
1011 1440 1122 1506 Amen.

458 1649 492 1714 2.
517 1645 614 1716 oeteo
634 1669 688 1714 um
710 1645 803 1730 Hafa
824 1647 860 1714 in
881 1649 938 1715 dor
961 1647 1109 1714 oreore.

225 1748 455 1818 Decembri
476 1750 841 1819 OONOREGATIONIS
864 1751 918 1819 SS.
941 1749 1334 1818 montembarrum.

266 1853 488 1922 Sanctissimis
510 1857 661 1923 Dominus
683 1858 787 1924 noster
809 1856 886 1923 Pins
908 1857 971 1922 PP.
994 1855 1049 1922 IX.
1072 1855 1105 1921 in
1120 1854 1279 1921 audientia
1295 1855 1405 1922 habita

163 1960 203 2026 ab
222 1960 422 2045 infrascripto
444 1959 537 2027 Gard.
570 1961 732 2028 Praefecto
761 1959 791 2028 S.
822 1959 1080 2048 Congregationis
1109 1959 1317 2044 Indulgentiis
1347 1959 1405 2026 Sa·

165 2063 288 2149 orisque
310 2065 463 2150 Reliqniis
485 2065 677 2150 praepositae
699 2065 750 2132 dis
773 2065 803 2130 6.
826 2065 968 2132 oooouris
1002 2054 1243 2149 1870‘benigne
1264 2061 1405 2148 indulsit,
1551 2055 1552 2070 ¹

163 2169 200 2234 ut
228 2185 333 2236 omnes
362 2168 523 2252 utriusqus
553 2187 642 2236 serus
669 2169 914 2250 Christiiideles,
941 2169 994 2253 qui
1022 2169 1113 2236 eorda
1135 2168 1248 2234 saltem
1270 2169 1404 2236 ooutrito

165 2273 335 2340 orationem
357 2271 602 2340 Utemmttsaime
622 2273 714 2354 Jesu,
736 2273 826 2341 sutus
847 2279 901 2340 eto.
924 2272 1034 2339 devote
1056 2273 1266 2352 recitaverint,
1299 2271 1405 2338 indul·

162 2375 301 2464 gsntiam
324 2378 448 2445 tontum
473 2378 594 2444 diorum
617 2377 714 2444 semel
735 2376 768 2443 in
791 2377 842 2443 dis
863 2378 1031 2444 tuerentur.
1083 2375 1244 2444 Praesenti
1272 2377 1317 2442 in'
1334 2395 1404 2464 per·

162 2484 290 2568 potuum
313 2481 448 2549 valituro
470 2483 587 2568 absque
608 2483 675 2550 ulla
698 2481 807 2549 Breuis
828 2481 1032 2566 expeditione.
1078 2479 1250 2548 Contrariis
1274 2481 1405 2566 quibus-

163 2605 294 2671 cumque
314 2606 376 2654 non
397 2587 601 2654 obstantibus.

266 2690 384 2758 Datum
413 2693 531 2758 Βοιιιιιο
562 2709 597 2758 ex
628 2691 802 2758 Secretaria
830 2689 969 2776 ejusdam
996 2687 1028 2756 S.
1059 2687 1316 2776 Congregationis
1353 2687 1404 2756 dia

163 2795 194 2863 6.
218 2795 361 2862 Octobris
387 2797 480 2862 1870.

765 2901 807 2966 A.
830 2897 927 2970 caro.
943 2899 1092 2980 Btsurra',
1108 2897 1299 2983 bauceto.

751 3003 939 3070 Domintous
974 3003 1088 3085 Serra,
1111 3003 1315 3072 Substitutus.

696 3108 870 3176 Oratio.

267 3211 514 3280 clementissine
535 3212 624 3292 Jesu,
646 3211 742 3292 salus,
766 3210 842 3293 rita,
865 3213 1050 3279 resurreetio
1073 3214 1179 3279 nostra
1202 3213 1237 3278 tu
1253 3211 1336 3278 solus
1360 3231 1403 3280 es.

163 3318 208 3384 Te
230 3337 304 3406 orgo
326 3337 523 3404 quaesumus,
545 3337 584 3384 ns
606 3317 801 3402 derelinquas
824 3335 879 3384 nos
902 3319 934 3383 in
948 3319 1102 3404 angustiis
1118 3316 1405 3403 otperturbationi-

161 3423 219 3489 bus
241 3423 363 3506 nostris,
387 3423 442 3490 sed
463 3443 518 3507 per
540 3423 684 3508 agoniam
707 3423 815 3490 bordis
838 3422 887 3488 tui
908 3423 1109 3502 sanctissimi,
1133 3424 1166 3489 at
1194 3440 1251 3507 per
1281 3419 1403 3486 dolores

160 3526 273 3593 Matris
294 3528 368 3594 tuae
397 3527 633 3606 immaculatae,
664 3525 728 3592 tuis
758 3525 883 3593 famulis
913 3527 1052 3606 subveni,
1075 3543 1151 3610 quos
1172 3525 1307 3610 pretioso
1330 3545 1403 3592 san-

162 3633 257 3718 guina
277 3630 446 3700 redemisti.
