3068 4924
142 312 202 369 mr.
222 311 312 369 carc.
330 313 470 382 Arcano.
493 311 831 369 neocaesaream.
852 309 1009 368 occisae
1028 313 1070 366 aa
1090 313 1185 368 acar.
1213 329 1269 384 ap.
1314 293 1379 360 309

145 483 293 550 moralem
314 481 346 547 in
369 480 413 548 eis
436 482 590 567 dirigendi
613 483 800 566 potestatem
823 485 950 550 exercet.
975 484 1125 548 Attamen
1136 482 1216 566 quod
1241 480 1381 565 collegiis

144 587 206 652 illis
229 587 362 653 facultas
385 587 471 652 facta
490 587 533 652 sit
554 587 592 652 de
614 587 796 654 educatione
818 587 965 670 religiosa
987 589 1019 652 et
1053 586 1162 652 morali
1195 585 1382 652 auctoritate

145 689 353 756 ecclesiastica
375 690 519 775 neglecta
542 689 734 772 decemendi‚
758 691 791 756 id
812 691 963 773 expressis
986 690 1187 755 concordatus
1214 688 1382 754 sanctoni-

143 795 202 860 bus
224 812 280 859 ncc
302 811 361 858 non
384 794 489 860 natiso
511 794 667 860 Ecclesiae
685 795 750 878 juri
771 795 895 879 penitus
917 794 1055 878 refragat
1095 846 1101 858 .

249 896 388 962 Pessima
420 895 597 974 intendunt,
631 897 684 981 qui
717 899 754 964 ut
786 897 937 982 ejusmodi
960 897 1009 962 lex
1030 897 1173 974 ferretur,
1197 894 1381 970 effecerunt3

145 1002 178 1066 in
200 999 302 1067 animo
324 1000 399 1083 ipsis
422 1003 470 1066 est
488 1000 715 1086 ludimagistris
739 1000 778 1067 ad
800 1001 959 1086 religionis
982 1002 1171 1068 contemtum
1185 999 1297 1066 elfictis
1320 997 1383 1080 pri-

146 1124 230 1170 mam
250 1106 316 1190 jam
338 1103 563 1187 flexibilemque
585 1107 721 1170 aetatem
742 1105 908 1188 depravare
930 1105 1024 1188 atque
1047 1104 1106 1170 hac
1129 1104 1247 1169 ratione
1276 1102 1383 1167 catho-

147 1209 240 1273 licam
264 1227 408 1273 enervare
431 1207 532 1288 fidem,
553 1209 587 1274 in
610 1227 671 1292 qua
692 1209 839 1292 populum
862 1207 986 1273 firmum
999 1208 1156 1291 hucusque
1172 1209 1255 1272 stare
1268 1203 1382 1288 optime

146 1311 257 1376 sciunt.
302 1311 445 1394 Episcopi
475 1312 619 1377 tenentur
648 1312 691 1376 nil
723 1313 912 1378 intentatum
935 1310 1118 1395 relinquere,
1141 1312 1178 1375 ut
1199 1309 1303 1393 impiis
1326 1308 1382 1374 oh·

146 1415 259 1479 sistant
281 1415 491 1480 moliminibus
514 1416 546 1480 et
567 1415 695 1498 proinde
717 1417 868 1498 quantum
890 1415 1019 1499 possint,
1046 1414 1210 1498 impedire,
1239 1431 1299 1497 qno
1326 1411 1382 1476 mi·

148 1537 204 1582 nus
227 1518 355 1584 consilia
378 1519 563 1584 scholastice
584 1519 739 1602 potestate
762 1519 837 1603 ipsis
860 1519 986 1585 decreta
1008 1518 1047 1582 ad
1070 1518 1251 1602 religionem
1267 1533 1382 1582 mores·

145 1639 204 1704 que
227 1621 405 1688 evertendos
442 1622 620 1688 abutantur.
664 1621 752 1703 Quod
785 1641 855 1687 cum
886 1622 918 1686 in
940 1621 1180 1688 controversiam
1204 1619 1306 1686 vocari
1329 1637 1382 1684 na-

146 1725 249 1806 queat,
282 1723 420 1807 quaestio
457 1725 489 1788 in
523 1742 559 1789 eo
592 1727 742 1804 versatur,
776 1726 927 1808 qnantum
959 1725 991 1790 et
1024 1723 1136 1807 quibus
1158 1722 1385 1789 conditionibus

146 1829 339 1893 sacerdotum
361 1828 393 1892 in
416 1828 554 1913 collegiis
577 1827 647 1893 istis
669 1829 843 1911 praesentia
866 1829 904 1894 ad
921 1824 1384 1912 malumpraeveniendumsire

148 1929 349 1995 minuendum
372 1931 507 1996 conferre
530 1931 650 2016 possit?

249 2033 383 2098 Eridcns
417 2036 465 2100 est
497 2035 556 2101 hac
589 2036 623 2100 in
645 2054 678 2100 rc
700 2035 832 2100 multum
856 2035 988 2120 pendere
1010 2053 1029 2100 a
1052 2034 1152 2116 modo,
1175 2052 1235 2116 quo
1258 2031 1385 2098 consilia

146 2135 331 2202 scholastica
354 2138 561 2221 componenda
583 2141 682 2204 erunt.
727 2139 799 2218 Lex,
828 2159 922 2224 qnam
954 2137 1146 2204 Gubernium
1174 2135 1285 2202 diaetis
1313 2153 1385 2219 pro·

146 2240 259 2323 posuit,
283 2241 366 2305 certe
400 2260 461 2306 non
494 2261 530 2308 ea
563 2243 619 2322 est,
654 2260 733 2325 quae
766 2243 971 2309 acatholicis
993 2241 1115 2308 laudari
1137 2241 1301 2316 mereatur,
1325 2256 1385 2302 non

146 2343 269 2408 omnino
298 2345 402 2409 tamen
434 2345 589 2412 Ecclesiae
619 2347 652 2411 in
682 2345 819 2412 scholam
847 2348 919 2431 jura
945 2348 1056 2432 negat:
1080 2345 1192 2431 quippe
1215 2342 1384 2418 secundnm

146 2447 244 2530 ipsam
267 2447 429 2513 consilium
462 2449 560 2514 locale
593 2451 733 2516 constare
766 2450 858 2516 debat
891 2470 926 2516 ar
958 2449 1145 2526 Ecclesiam,
1182 2446 1319 2512 scholam
1353 2446 1386 2510 et

147 2552 403 2618 communitatem
424 2555 728 2636 repraesentantibus
749 2556 781 2620 et
802 2555 833 2620 vi
868 2554 1002 2619 muneris
1036 2553 1103 2637 ejus
1135 2551 1308 2616 membrum
1338 2548 1386 2614 est

148 2655 272 2720 curator
295 2655 468 2720 animarum
491 2658 547 2722 aut
569 2658 596 2722 si
617 2657 721 2740 plnres
743 2658 816 2736 sint,
838 2657 874 2738 is,
905 2676 997 2741 quem
1026 2657 1195 2739 Episcopus
1225 2652 1386 2742 nominan-

146 2758 218 2823 dum
243 2757 374 2824 duxerit.
421 2758 554 2824 (lonsilio
588 2759 753 2826 districtus
785 2760 927 2826 sacerdos
963 2761 1002 2826 ab
1036 2759 1186 2843 Episcopo
1208 2757 1386 2821 nominatus

147 2861 282 2926 additur.
327 2860 560 2928 Ecclesiasticus
581 2863 663 2928 viros
685 2863 717 2927 in
741 2863 906 2929 consilium
928 2862 1114 2947 provinciale
1144 2859 1296 2927 vocandos
1326 2857 1386 2922 mi-

147 2966 244 3032 nister
267 2965 369 3030 cnltus
393 2964 424 3028 et
445 2964 660 3030 instructionis
684 2966 826 3048 publicae
849 2966 1034 3048 Imperatori
1057 2963 1293 3031 communicatis
1315 2979 1385 3026 cum

148 3069 352 3134 Antistitihus
374 3067 549 3150 provinciae
571 3068 707 3134 consiliis
729 3070 887 3153 proponet.
931 3069 993 3136 Ubi
1016 3068 1148 3153 collegia
1170 3065 1330 3150 praedicta
1346 3061 1385 3128 ad

149 3171 298 3239 Gubemii
329 3175 466 3238 mentem
500 3175 728 3255 componentur,
762 3173 936 3240 sacerdotes
967 3174 1000 3237 in
1035 3172 1079 3238 cis
1113 3173 1169 3236 aut
1195 3169 1226 3236 ri
1248 3167 1385 3234 muneris

149 3275 362 3354 ecclesiastici,
396 3276 452 3340 aut
484 3275 633 3358 Episcopo
665 3277 730 3342 sive
763 3276 943 3342 nominante
975 3275 1040 3340 sive
1074 3275 1262 3358 approbante
1284 3272 1386 3337 locum

149 3378 309 3445 habebunt
331 3380 364 3444 ct
385 3379 453 3462 ipsa
475 3379 612 3462 potestas
634 3379 734 3446 civilis
757 3382 915 3464 agnoscet,
938 3379 1019 3462 qnod
1042 3377 1081 3444 ad
1104 3377 1261 3443 Ecclesiae
1284 3377 1315 3441 et
1333 3375 1386 3459 ju·

148 3483 286 3550 ventutis
308 3481 479 3548 catholicae
502 3499 628 3547 causam
657 3482 809 3565 agendam
834 3480 974 3565 deputati
998 3482 1070 3548 sint.
1117 3481 1207 3547 Hanc
1231 3479 1386 3545 declinare

148 3585 338 3670 provinciam
360 3605 410 3650 me
432 3584 557 3670 quidem
577 3585 681 3669 judice
703 3604 763 3650 non
785 3585 869 3652 licet.
915 3585 1059 3651 Consiliis
1082 3586 1189 3668 itaque
1211 3577 1386 3648 sacerdotes

148 3689 303 3768 intersint,
333 3689 542 3754 saecularibus
569 3688 744 3753 scholarum
772 3689 863 3754 rebus
890 3688 1228 3765 fideliter-consulant,
1250 3686 1289 3752 ad
1311 3685 1385 3752 reli-

148 3793 271 3878 gionem
294 3809 474 3874 morumque
503 3789 696 3856 honestatem
727 3792 874 3857 tuendam
902 3811 1008 3858 omnes
1030 3791 1111 3858 vires
1132 3790 1304 3856 intendant
1349 3789 1386 3853 In

148 3896 303 3981 plerisque
326 3894 462 3960 consiliis
484 3895 634 3960 localibus
657 3896 818 3978 parochus,
842 3895 892 3961 cni
914 3915 1012 3979 neque
1034 3895 1163 3960 scientia
1185 3913 1284 3977 neque
1312 3911 1385 3976 prn-

149 3998 255 4065 dcntia
275 3998 372 4073 deest,
395 3997 486 4062 facile
521 3997 721 4080 praevalebit,
756 3998 821 4063 ruri
854 3999 1055 4082 praesertim3
1078 3997 1232 4063 difficilior
1264 3997 1325 4063 erit
1353 3996 1385 4060 in

149 4102 329 4170 civitatibus
351 4102 514 4167 lucianea
536 4101 649 4168 nonin
672 4101 809 4168 consiliis
832 4102 1026 4168 districtibus
1049 4104 1081 4168 et
1105 4101 1270 4186 provinciis
1296 4119 1385 4184 prac-

148 4206 266 4292 positis.
312 4205 372 4271 Ubi
401 4203 433 4269 in
463 4205 517 4284 iis,
541 4225 619 4289 quae
641 4205 819 4292 religiosam
843 4207 1050 4290 moralemque
1072 4206 1286 4272 educationem
1308 4203 1385 4269 atti·

148 4311 232 4390 nent,
245 4307 391 4374 uirorum
413 4309 693 4375 ecclesiasticorum
716 4309 834 4375 monita
856 4310 1068 4394 negligantur,
1092 4310 1228 4376 referant
1244 4307 1386 4392 adEpis-

148 4433 268 4499 copum.
312 4415 353 4495 Ic,
387 4416 510 4499 quando
541 4415 665 4500 gratior
697 4416 740 4480 sit
775 4433 884 4494 cansa,
918 4435 989 4480 oum
1023 4414 1179 4482 (taburnio
1201 4415 1239 4479 de
1262 4411 1385 4496 negotio

149 4521 234 4604 agat,
257 4538 316 4603 quo
338 4538 426 4603 opem
448 4520 528 4584 ferre
549 4519 752 4597 detrectante,
764 4518 916 4584 sacerdoti
932 4519 1102 4599 mandabit,
1118 4520 1154 4584 ut
1165 4517 1385 4601 protestatione

148 4620 332 4705 interposita
353 4641 386 4688 sc
408 4641 426 4687 a
447 4622 577 4708 collegio
600 4622 757 4708 sejungat,
781 4620 876 4689 donec
899 4640 1039 4690 excessus
1061 4623 1217 4689 correctns
1239 4605 1342 4688 inerit
