3138 4928
235 1213 241 1223 ’
306 1193 408 1306 lon
446 1187 584 1329 Pspsl
620 1192 703 1304 und
738 1188 1069 1304 Vaticaniscbsn
1097 1187 1263 1304 tonali.

224 1701 244 1783 l.
269 1699 459 1783 secretior
475 1700 550 1814 nes
577 1695 607 1781 li.
634 1699 761 1805 Valere
788 1719 834 1780 an
861 1697 917 1778 ile
943 1695 1134 1778 deutschen
1162 1694 1333 1792 liisclntic,

162 1857 274 1924 wambe
295 1859 355 1924 uictu
373 1858 603 1942 pmocinsumen
629 1857 834 1940 Hirtcabricf
856 1875 917 1922 con
943 1852 1052 1921 nune
1077 1857 1130 1920 31.
1158 1852 1285 1938 Asperat
1314 1857 1404 1919 1870
1542 1922 1544 1936 ,

706 1961 863 2026 erlicssca.

570 2077 637 2140 (ugr.
653 2077 747 2128 Arena
763 2078 857 2138 xxiv,
872 2092 897 2140 p.
912 2076 1000 2136 xcn.)

267 2194 347 2264 itae
378 2193 443 2261 ΡΡ.
478 2193 545 2262 ΙΧ.
590 2194 785 2261 Venerabilis
816 2195 926 2260 Frater
961 2191 1097 2280 salutem
1131 2192 1165 2258 et
1193 2191 1406 2277 Apostolicam

164 2299 426 2368 Benedictionem.
471 2299 557 2364 luter
579 2299 779 2385 grammimas
802 2298 996 2380 afflictiones,
1019 2297 1131 2381 quibus
1153 2296 1285 2382 improbi
1306 2296 1407 2362 bomi-

165 2424 219 2469 nes
240 2406 309 2487 post
332 2405 432 2476 multa
454 2404 638 2471 detestanda
658 2405 796 2471 facinora
816 2402 1006 2470 conculcatis
1029 2421 1090 2468 non
1111 2402 1213 2468 solum
1246 2401 1406 2487 religionis

166 2507 219 2572 sed
243 2507 514 2581 etiamtnaturelis
539 2508 685 2592 justitiae
715 2509 747 2574 et
773 2507 947 2574 honestatis
971 2507 1094 2592 juribus
1123 2507 1251 2572 mudum
1278 2505 1407 2572 calicem

156 2611 383 2677 amaritudinis
417 2611 552 2678 Nostrae
585 2630 682 2696 usque
716 2612 757 2676 ad
790 2629 947 2677 summum
980 2611 1221 2694 compleverunt,
1256 2629 1407 2696 magnum

166 2714 264 2780 Nobis
286 2716 318 2780 et
340 2713 655 2781 dessideratissimum
677 2714 822 2781 solatium
845 2713 955 2780 attulit
976 2713 1060 2780 zelas
1081 2733 1136 2796 pro
1166 2714 1255 2781 domo
1283 2713 1342 2780 Dei
1371 2731 1408 2780 ac

167 2817 342 2884 sollicitudo
375 2837 429 2902 pro
463 2817 647 2904 integritate
680 2817 754 2885 fidei
789 2818 973 2899 catholicae,
1005 2837 1100 2904 quam
1134 2817 1182 2884 Tu
1215 2816 1408 2884 Venerabilis

167 2921 285 3001 Frater,
309 2940 380 2986 oum
402 2921 556 3006 plerisque
590 2923 623 2989 in
645 2921 814 2990 Germania
845 2922 1006 3006 Episcopis
1042 2921 1223 2988 calamitoso
1244 2920 1304 2987 hoc
1325 2922 1408 2987 tem·

168 3044 241 3110 pore
262 3025 551 3106 demonstrastint
573 3026 747 3092 luculenter
767 3025 977 3110 perspeximus
999 3045 1036 3092 cx
1056 3025 1172 3091 litteris
1201 3025 1409 3108 pastoralibus

169 3128 209 3192 ad
232 3147 345 3213 greges
366 3131 485 3196 rosbes
508 3128 646 3211 inentis,
667 3147 745 3214 quae
767 3148 786 3195 a
806 3129 986 3196 Venerabili
1007 3129 1117 3195 Fratre
1139 3129 1233 3196 Petro
1244 3129 1410 3196 hancisco

168 3229 406 3316 Archiepiscopo
434 3233 626 3300 Damascene
655 3233 770 3301 Nostro
800 3233 883 3318 apud
912 3232 1065 3299 Bauariae
1086 3232 1205 3318 Regem
1226 3233 1346 3301 Nuntio
1369 3233 1410 3300 ad

169 3335 234 3400 Nos
255 3335 454 3403 transmissas
477 3338 659 3422 accepimus.
705 3336 870 3404 Communi
892 3335 1019 3403 consilio
1041 3335 1075 3401 in
1105 3335 1232 3403 ciuitate
1261 3337 1410 3404 Valdensi

170 3441 351 3526 congregati
381 3460 436 3525 pro
469 3441 635 3525 pastoralis
668 3442 805 3508 muneris
837 3441 942 3508 debito
974 3440 1125 3506 incuntis
1157 3439 1266 3508 fideles
1288 3443 1410 3508 amirae

170 3561 262 3608 ceurae
283 3545 472 3625 commissos,
494 3545 613 3629 quanta
640 3545 684 3612 sit
709 3545 852 3612 omnibus
881 3545 934 3630 qni
955 3545 1058 3625 unius,
1080 3545 1216 3624 sanctae,
1239 3545 1411 3612 catholicae

169 3648 203 3713 et
223 3647 420 3732 Apostolicac
442 3650 599 3717 Ecclesiae
621 3650 760 3717 membra
783 3668 849 3716 esse
871 3669 908 3716 ac
930 3669 1054 3716 manere
1075 3650 1183 3729 uelint,
1206 3649 1356 3737 obligatio
1379 3651 1412 3718 et

170 3751 338 3818 nenessitas
359 3754 507 3821 veritates
529 3774 548 3821 a
569 3755 667 3823 Nobis
690 3755 878 3840 approbante
900 3774 986 3822 sacro
1008 3756 1040 3824 ct
1054 3755 1249 3823 oecumenico
1260 3753 1411 3821 Vaticano

172 3854 308 3921 Concilio
338 3856 372 3921 in
403 3859 535 3941 utraque
568 3861 703 3926 acesinum
737 3859 788 3926 die
810 3861 862 3927 24.
883 3859 1001 3946 Aprilis
1024 3863 1057 3926 et
1081 3861 1131 3926 18.
1153 3859 1234 3927 Julii
1255 3858 1409 3940 definitas,

171 3957 261 4025 firma
283 3958 343 4026 lide
366 3961 402 4026 ut
425 3980 444 4026 a
466 3962 532 4028 Deo
553 3963 708 4029 revelatos
730 3963 874 4030 credendi
897 3982 934 4029 ac
954 3962 1138 4047 profitendi;
1161 3964 1193 4030 et
1223 3963 1411 4048 quantopere

171 4063 246 4148 ipsis
267 4065 427 4150 principiis
450 4066 622 4133 catholicae
644 4067 803 4152 religionis
813 4069 967 4153 repugnet
978 4087 1083 4164 eornm
1098 4067 1259 4134 bominum
1270 4066 1410 4148 assertio,

171 4168 224 4251 qui
247 4167 347 4235 dicere
369 4188 430 4235 non
451 4172 607 4252 verentur,
630 4171 803 4238 doctrinam
826 4171 861 4237 in
889 4171 948 4237 boo
977 4191 1063 4238 sacro
1091 4171 1242 4238 Vaticano
1273 4169 1411 4238 Concilio
1511 4167 1514 4172 ’

171 4269 332 4338 delinitam
365 4291 426 4338 non
459 4273 609 4340 contineri
641 4273 674 4340 in
706 4273 812 4342 diuina
844 4273 1006 4360 Scriptura
1039 4275 1071 4342 et
1093 4273 1285 4356 Traditum,
1315 4273 1411 4342 immo

171 4373 270 4440 eidem
293 4394 360 4442 esse
382 4377 579 4444 contrariam.
1362 4367 1377 4400 ³

275 4477 397 4560 Quanto
419 4482 526 4548 autem
548 4482 735 4549 acerbiorem
747 4481 964 4549 schismaticae
985 4482 1065 4549 istae
1087 4483 1119 4549 et
1141 4482 1317 4549 baereticae
1339 4501 1411 4549 sen·

170 4582 287 4650 tentiae
309 4583 413 4650 animo
435 4585 550 4653 Nostro
571 4588 621 4654 tot
639 4587 706 4672 jam
730 4586 1037 4672 augustiisopprcsso
1050 4586 1239 4654 addiderunt
1257 4588 1411 4666 dolorem

170 4686 261 4754 tauto
283 4688 385 4773 magis
413 4690 577 4757 laudamus
609 4693 640 4759 et
671 4690 922 4758 commendamus
945 4691 1055 4773 Tuam,
1077 4690 1271 4759 Venerabilis
1291 4692 1411 4770 Frater,

1162 4795 1204 4868 ΙίΙΙ
