3120 4930
153 204 199 271 VI
257 219 497 275 Hirtcwschreth·
518 219 571 274 dee
590 217 691 274 Bloch.
711 220 822 291 Ignota
839 235 902 276 corr
919 219 1065 290 Repente.
1084 235 1110 274 c.
1131 219 1177 274 28.
1198 217 1260 274 Oct.
1281 217 1367 274 1870.

156 393 290 460 Matrem
314 391 486 458 Ecclesiam
509 391 542 458 et
563 411 638 478 erga
648 393 863 458 beatissimum
876 394 1017 474 Petrum,
1040 412 1235 477 superquem
1251 393 1395 460 Christus

154 497 321 566 Redemtor
343 497 443 582 ipsam
465 515 554 564 suam
578 497 755 565 aedificarit
776 498 959 565 Ecclesiam.

257 600 411 682 Quoniam
432 619 505 667 vero
527 620 625 685 neque
649 602 702 686 qui
725 603 848 687 plantat
871 605 919 668 cst
941 602 1071 686 aliquid,
1097 621 1196 686 neque
1218 601 1272 686 qui
1301 604 1395 686 riget,

154 705 209 771 sed
238 705 291 788 qui
321 705 547 770 incrementum
579 703 653 784 dat,
681 706 780 772 Deus:
809 707 858 772 die
891 724 927 771 ae
953 708 1044 772 noete
1071 706 1255 771 extollamus
1285 726 1396 772 manus

155 810 276 876 nostrae
298 810 339 875 ad
366 808 476 890 Deum,
511 808 594 874 unde
621 811 725 884 veniet
756 811 908 876 auxilium
938 810 1042 886 nobis;
1072 809 1272 894 imploremus
1299 811 1393 877 inter·

155 913 290 979 cessione
323 911 543 978 immaculutae
577 913 716 998 Virginis
748 914 861 979 Matris
895 913 963 994 Dei,
995 912 1148 996 Principis
1178 913 1397 998 Apostolorum

157 1017 242 1083 Petri
276 1018 308 1083 et
343 1015 518 1100 Goapostoli
551 1017 618 1101 ejus
652 1018 753 1100 Pauli,
788 1018 982 1102 aliorumque
1015 1017 1199 1084 Sanctorum
1239 1018 1398 1084 Ecclesiae

153 1121 389 1204 triumphantis,
412 1121 449 1187 ut
471 1121 624 1188 Dominus
646 1123 793 1206 respiciat
815 1122 987 1189 Ecclesiam
1010 1141 1099 1187 suam
1129 1123 1162 1187 in
1192 1123 1283 1188 terrie
1317 1123 1398 1188 inter

153 1225 258 1291 tantos
280 1224 400 1290 labores
423 1226 455 1292 et
477 1227 568 1292 tanta
590 1227 729 1310 pericula
751 1228 952 1307 militantem,
976 1247 1043 1292 earn
1066 1229 1203 1306 tueatur,
1227 1226 1315 1293 donis
1334 1229 1399 1293 suis

153 1329 339 1396 coelestibus
361 1329 531 1413 amplificet
554 1332 585 1396 et
607 1330 740 1410 exaltet3
762 1332 800 1396 ut
822 1331 876 1415 qui
898 1329 960 1396 fide
991 1331 1087 1411 stant,
1118 1330 1337 1397 confirmentur
1367 1333 1400 1396 et

153 1433 357 1518 augmentum
379 1433 502 1499 faciant
525 1435 559 1498 in
581 1433 743 1513 charitate,
766 1435 820 1517 qui
844 1436 949 1500 autem
972 1435 1064 1500 fracti
1086 1436 1159 1500 eunt
1173 1434 1263 1513 rami,
1285 1437 1399 1500 iterum

154 1538 340 1617 inserantur,
363 1538 468 1622 sieque
490 1557 597 1604 omnes
619 1539 652 1603 in
676 1539 754 1616 Una,
778 1537 903 1618 Sancta,
927 1538 1100 1620 Catholiea,
1131 1539 1311 1622 Apostolica
1338 1539 1400 1603 Ro·

154 1660 248 1707 mana
270 1641 410 1706 llcclesnr
440 1641 480 1707 ad
509 1641 610 1708 Deum
641 1641 839 1726 perveniant,
869 1643 902 1707 et
929 1643 962 1706 in
992 1642 1184 1726 Deopaecm
1208 1642 1399 1708 habeantet

155 1747 287 1812 salutern
310 1749 479 1814 aeternam.
524 1747 568 1813 Ut
590 1747 672 1812 hunc
696 1747 835 1813 laborum
859 1765 895 1812 ac
917 1746 1099 1831 vigilantiae
1121 1747 1286 1830 pastoralis
1313 1749 1396 1812 irue-

157 1851 226 1915 tum
249 1850 335 1916 Deus
358 1870 413 1934 pro
441 1870 538 1936 grege
567 1852 638 1917 Tibi
667 1851 829 1918 commisso
860 1849 1008 1916 concedat
1036 1852 1244 1932 uberrimum,
1274 1851 1398 1918 divinae

156 1954 278 2038 martiae
302 1955 459 2040 auspicem
482 1957 514 2021 et
535 1957 719 2040 praecipuae
742 1957 876 2022 Nostrae
898 1975 974 2040 erga
996 1956 1040 2020 Te
1067 1955 1298 2022 benevolentiae
1326 1957 1398 2040 pig-

155 2077 224 2139 nus,
245 2058 459 2143 Apostolioam
479 2059 725 2126 benedictionem
748 2059 820 2126 Tibi
842 2061 913 2144 ipsi,
937 2059 1130 2124 Venerabilis
1152 2059 1272 2137 Frater,
1295 2059 1397 2124 ornni-

157 2163 275 2248 busque
297 2163 441 2228 fidolibus
464 2163 551 2228 Tuae
573 2181 666 2229 curae
679 2164 864 2229 concreditis
877 2165 942 2228 toto
955 2163 1054 2228 cordis
1067 2162 1180 2228 affectu
1192 2163 1398 2246 impertimur.

260 2266 378 2334 Datum
390 2267 507 2333 Romae
521 2268 603 2352 apud
615 2267 645 2334 S.
656 2268 784 2334 Petrum
798 2267 848 2333 die
860 2269 911 2334 28.
922 2267 1065 2333 Octobris
1076 2265 1397 2333 annomuoocnxx.

414 2363 621 2438 pontificatus
644 2373 753 2438 Nostri
776 2390 856 2437 anno
878 2370 1142 2456 mcesimoquinto.

650 2477 731 2544 Pica
752 2476 817 2544 PP.
841 2477 907 2544 IX.

228 2787 262 2868 ΙΙ.
290 2787 350 2869 llic
377 2808 452 2889 sep.
480 2788 672 2890 Bcwepunp
700 2810 811 2890 pepon
839 2790 906 2870 dae
932 2727 1180 2871 lalicaniscte
1207 2737 1338 2870 concil

159 2925 231 2992 nas
252 2926 352 2992 auem
375 2927 652 2994 Hirtenecbrcc'heu
674 2929 856 2995 deabbabor.
869 2929 1020 3010 Bieebofe
1033 2929 1250 3012 Ipcotioeoou
1263 2928 1400 3010 sepone

160 3028 240 3112 berg
259 3051 330 3097 vom
352 3035 409 3097 28.
434 3030 563 3097 October
587 3036 684 3111 1870,
707 3053 750 3098 aa
771 3033 832 3097 dea
846 3033 963 3098 boclam
976 3031 1101 3097 Kteras
1115 3032 1401 3100 eeieeeBisthoms.

264 3168 352 3235 llueh
375 3169 457 3235 allen
480 3169 524 3235 ist
543 3169 690 3252 bekannt,
714 3171 898 3256 geliehteste
913 3170 1087 3236 Mithrddcr
1109 3170 1172 3235 und
1188 3169 1401 3238 hlitarbciter!

161 3253 232 3320 dass
255 3255 323 3321 eine
344 3256 467 3322 Anzchl
488 3275 547 3323 uon
570 3257 730 3338 Mannern,
753 3259 869 3324 welche
895 3257 929 3322 iu
959 3256 1013 3323 der
1042 3257 1256 3324 katholisohen
1287 3257 1402 3322 Kirehe

161 3341 296 3426 geboren
319 3343 382 3407 und
405 3362 543 3429 erzogen,
566 3362 626 3410 von
649 3345 698 3409 ihr
721 3345 854 3428 genihrt
871 3345 933 3410 und
948 3344 1007 3410 mit
1022 3344 1221 3410 Mutterliehe
1236 3344 1404 3410 behandelt

164 3428 285 3494 worden
308 3429 387 3508 sind,
409 3430 460 3495 ihr
476 3431 796 3515 geneirachustliebee
818 3432 990 3498 Beetrebeu
1012 3431 1125 3498 daraul
1146 3431 1306 3516 gerichtet
1335 3431 1400 3511 hat,

162 3512 213 3580 die
235 3513 415 3583 Aucmnue
444 3517 498 3584 des
528 3517 762 3585 dcumeniseheu
790 3519 1023 3586 vaticauieohen
1055 3518 1176 3584 Concils
1204 3538 1241 3582 zu
1269 3518 1403 3602 leugneu

161 3601 236 3754 utpgln
248 3601 328 3668 auch
358 3603 481 3670 Andcre
510 3624 565 3670 zur
595 3605 796 3690 Auflehnung
825 3624 926 3690 gagen
963 3605 1047 3670 dieso
1076 3603 1255 3670 Auctorittt
1282 3624 1319 3670 zu
1349 3605 1404 3671 be-

161 3706 176 3752 s
238 3707 318 3756 men.
342 3740 350 3756 .
374 3740 412 3756 ..

266 3776 291 3844 l.
313 3775 418 3843 Kaum
440 3777 529 3843 hatte
551 3777 611 3842 mit
631 3778 721 3843 mehr
742 3777 816 3844 oder
837 3777 973 3862 weniger
992 3775 1330 3844 Wabrseheinliehheit
1352 3777 1403 3843 die

165 3860 382 3950 Vermuthuug
411 3863 501 3929 Platz
518 3865 702 3948 ,gegriffem
734 3864 789 3931 das
819 3865 1028 3932 vaticanische
1060 3863 1166 3932 Ocnoil
1194 3865 1294 3930 kenne
1329 3865 1403 3930 oder

162 3949 263 4014 werde
292 3951 421 4034 gewisee
450 3950 657 4018 Wahrheiten
686 3952 854 4032 definiren,
882 3952 997 4018 welche
1024 3952 1116 4036 jeuen
1139 3952 1289 4016 Mannern
1312 3952 1403 4016 miss-

163 4034 264 4116 delen,
287 4037 478 4104 nementlieh
502 4038 551 4103 die
574 4037 814 4105 Unlehlbarlreit
836 4039 1042 4122 dosPapstes,
1057 4037 1403 4104 warnererltathedra

163 4123 292 4205 spricht‚
316 4142 349 4188 so
371 4125 551 4191 erschienen
574 4125 696 4192 alsbald
717 4124 750 4190 iu
772 4126 996 4202 Deutsehlaud,
1020 4125 1076 4189 wie
1100 4125 1178 4189 auoh
1195 4125 1227 4189 in
1239 4125 1401 4191 mehreren

162 4208 295 4275 anderen
324 4211 467 4277 Laudem
494 4210 665 4296 Schriften,
696 4213 828 4295 welche,
857 4213 900 4278 im
930 4212 1070 4296 pleiehcw
1098 4212 1196 4278 Since
1224 4213 1291 4278 ond
1321 4211 1403 4277 noch

159 4296 297 4380 gleicber
326 4297 485 4384 Ricttowp
510 4298 651 4382 versasst,
682 4299 770 4365 nicht
798 4301 877 4366 etwa
908 4300 968 4364 mit
997 4298 1309 4365 wissenschaftlieher
1340 4299 1403 4363 Be·

162 4383 329 4470 grdndung
351 4385 413 4450 und
437 4385 664 4470 ehrerhietigen
686 4386 796 4452 Sinncs
819 4386 985 4451 Bedenhen
1006 4405 1105 4471 gegen
1124 4384 1402 4451 dieheueiohnetcn

162 4471 283 4538 Lehrcn
305 4472 379 4538 oder
400 4492 501 4560 gegen
522 4472 590 4539 ihre
615 4474 796 4558 Definirung
819 4473 990 4559 darlegten,
1014 4475 1155 4553 sondern,
1180 4473 1325 4538 sichtlioh
1349 4471 1407 4536 auf

164 4558 220 4628 das
239 4560 388 4644 pedildete
415 4559 596 4644 Pollicem,
627 4561 683 4627 wie
710 4579 784 4626 man
813 4579 852 4626 nu
879 4579 976 4646 eagen
998 4560 1109 4646 pllegt,
1139 4560 1308 4627 berechnet
1338 4559 1401 4624 und
