3134 4926
151 321 216 377 Dar
234 321 331 392 Papst
343 321 392 378 db.
412 323 461 378 die
478 322 646 384 Verldcsmd
672 339 736 395 pop.
753 321 809 379 ibn
820 339 851 379 o.
871 325 928 380 das
945 339 1008 395 cop.
1022 322 1234 398 Gareatdepes.
1245 301 1386 376 CXLVII

147 495 291 560 dentibus
312 495 398 579 ipsis,
421 494 571 578 quidquid
594 495 727 581 agimus,
750 496 954 580 perficiamus.
1000 496 1084 577 Quae
1107 498 1207 564 stulta
1219 500 1383 581 calumnia,

144 590 227 664 liin
249 618 403 664 summum
438 600 540 684 vergit
573 603 785 684 contemptum
818 601 986 679 Nostrum,
1015 601 1069 685 qui
1098 620 1222 684 prorsus
1255 602 1381 670 hebetes

145 703 286 769 ducimur
309 706 341 770 et
360 703 458 788 inepti
481 705 663 788 cuicumque
685 706 818 772 ineundo
841 705 977 786 consiliu,
1002 705 1137 770 absurda
1152 727 1275 791 prorsus
1299 709 1383 774 evin·

144 809 234 888 citur,
259 827 328 872 cnm
359 809 500 874 noverint
529 826 652 887 omnes,
684 809 853 874 Romanum
878 809 1068 890 Pontificem,
1093 810 1198 876 divino
1219 812 1383 896 implorato

143 914 260 979 lumine
281 915 314 979 et
336 913 458 990 auxilio,
492 913 525 977 id
557 913 659 978 facere
693 915 725 978 et
741 957 744 962 -
758 915 952 998 praecipere,
982 913 1063 997 quod
1092 917 1213 980 rectum
1245 917 1278 981 et
1305 917 1382 982 utile

140 1016 328 1101 judicaverit
350 1015 523 1083 Ecclesiae:
547 1016 579 1080 in
602 1017 796 1100 grauioribus
819 1035 890 1082 vero
920 1017 1053 1102 negotiis
1083 1036 1187 1084 eorum
1216 1037 1307 1103 opera
1335 1023 1380 1086 ut'

144 1122 347 1200 consuevisse,
370 1120 505 1205 cujusvis
527 1120 651 1186 demum
674 1121 738 1188 sint
759 1120 886 1205 gradus,
909 1123 964 1186 ant
985 1121 1178 1203 conditionis,
1202 1124 1257 1189 aut
1278 1124 1383 1208 Regu-

143 1226 218 1291 laris
241 1225 383 1304 Ordinis,
413 1243 488 1308 quos
511 1226 677 1306 materiae,
702 1225 739 1291 de
762 1244 822 1308 qua
845 1225 966 1310 agitur,
990 1225 1170 1310 peritiores,
1194 1228 1379 1293 sententiam

142 1348 231 1396 suam
254 1329 424 1413 sapientius
455 1348 491 1394 ao
524 1329 707 1412 pmdentius
737 1330 872 1414 proferre
898 1348 987 1414 posse
1009 1331 1189 1398 arbitratur.
1235 1332 1378 1397 Profecto

142 1433 253 1500 Patres
276 1435 373 1501 otiam
396 1453 412 1500 e
436 1432 592 1500 Societato
615 1435 693 1502 Jesu
716 1434 799 1500 haud
822 1453 891 1499 rcro
914 1435 1108 1516 adhibemus,
1137 1438 1170 1500 et
1199 1436 1285 1502 varia
1311 1456 1381 1501 mu·

47 1555 51 1562 ·
140 1557 227 1618 nera,
249 1557 285 1604 ac
308 1537 385 1605 illud
408 1540 549 1622 inprimis
571 1541 650 1605 sacri
674 1539 839 1605 ministerii
863 1540 907 1604 eis
930 1541 1163 1618 committimus,
1186 1540 1379 1623 quiinhisce

141 1641 307 1725 obeundis,
338 1643 497 1728 probatius
526 1662 646 1727 semper
677 1643 774 1709 Nobis
805 1643 923 1709 faciunt
950 1645 1089 1710 studium
1111 1644 1192 1709 illud
1214 1647 1246 1708 et
1268 1644 1378 1724 uelum,

139 1766 272 1830 qnorum
293 1749 397 1833 gratia
417 1749 541 1814 crebras
563 1749 595 1814 et
618 1748 823 1832 amplissimas
846 1747 1097 1814 aDecessoribus
1109 1749 1232 1814 Nostris
1254 1768 1376 1832 promo-

140 1853 271 1918 ruerunt
296 1852 415 1919 laudes.
466 1853 581 1918 Verum
613 1851 798 1936 aequissima
826 1853 889 1918 ista
917 1853 1042 1919 dilectio
1069 1853 1185 1919 Nostra
1216 1855 1248 1919 ct
1274 1853 1380 1919 existi·

140 1955 237 2022 matio
260 1955 433 2037 Societatis,
468 1955 593 2040 egregie
627 1973 746 2038 semper
779 1955 816 2019 de
851 1955 992 2022 Ecclesia
1021 1956 1152 2036 Christi,
1179 1957 1238 2022 hac
1260 1956 1376 2022 Sancta

141 2059 230 2141 Sede,
254 2062 286 2125 et
314 2060 483 2126 christiano
512 2059 623 2143 populo
652 2059 792 2136 meritae,
823 2059 913 2144 longe
937 2059 1024 2126 abest
1048 2081 1066 2126 a
1088 2061 1192 2126 seruili
1214 2061 1268 2127 illo
1290 2061 1379 2126 obse-

139 2165 222 2248 quio,
246 2163 326 2249 quod
349 2162 623 2228 comminiscuntur
645 2163 742 2246 ipsius
765 2163 1007 2240 obtrectatores;
1030 2183 1160 2248 quorum
1191 2164 1379 2232 calumniam

139 2287 160 2333 a
182 2267 280 2333 Nobis
303 2269 335 2333 et
356 2287 375 2332 a
397 2267 529 2334 demissa
551 2267 738 2351 optimorum
761 2266 893 2332 Patrum
915 2266 1077 2334 devotione
1099 2267 1378 2354 indignanterpro·

139 2371 310 2456 pulsamus.

243 2475 329 2542 Haec
350 2493 422 2542 uero
443 2473 503 2541 tibi
523 2473 727 2560 significanda
749 2473 900 2557 durircus,
925 2463 1119 2541 Venerabilis
1134 2477 1243 2542 Frater
1255 2477 1377 2556 Noster,

138 2581 178 2645 ut
199 2582 231 2645 et
252 2579 383 2646 insidiae
406 2579 555 2646 Societati
577 2581 714 2646 abactae
737 2583 910 2662 compertae
933 2580 1021 2659 fiant,
1044 2582 1076 2646 et
1098 2583 1252 2646 sententia
1265 2580 1379 2646 Nostra

138 2686 283 2768 turpiter,
306 2683 547 2768 insipienterque
569 2684 691 2749 detorta
712 2701 749 2747 ac
779 2684 925 2749 subversa
954 2684 1157 2762 restituatur,
1184 2686 1217 2749 et
1243 2683 1378 2767 inclytae

136 2789 239 2855 eidem
262 2788 410 2855 Societati
433 2807 545 2854 norum
567 2790 689 2872 praesto
710 2789 753 2853 sit
774 2787 1031 2872 propensissimae
1054 2787 1221 2854 voluntatis
1245 2789 1378 2854 Nostrae

137 2892 360 2960 testimoninm.

242 2996 366 3064 Liberat
395 2996 519 3080 utiquo,
550 2997 609 3062 hac
636 2996 794 3062 occasione
817 2998 927 3074 naam,
958 2999 989 3061 te
1019 2995 1137 3062 diutius
1170 2995 1317 3062 distinere
1340 2994 1377 3061 de

136 3100 210 3166 aliis
231 3100 369 3184 qnotidie
396 3099 695 3166 increbrescentibus
725 3100 837 3165 doloris
868 3100 974 3166 Nostri
1005 3098 1121 3178 causis;
1152 3101 1186 3166 at
1208 3119 1278 3166 cum
1301 3100 1377 3166 adeo

136 3205 243 3288 ampla
264 3205 306 3270 sit
327 3223 434 3272 earum
455 3223 554 3290 seges,
577 3206 614 3269 ut
636 3203 783 3286 epistolae
805 3203 918 3270 finibus
931 3204 1071 3269 concludi
1083 3223 1142 3270 non
1158 3205 1271 3282 valeat,
1283 3222 1377 3269 unum

139 3309 333 3394 attingemus
357 3314 564 3376 commentum
589 3307 828 3386 concessionum,
851 3325 928 3391 quas
951 3307 1058 3372 dicunt
1082 3310 1292 3392 praecariae,
1323 3309 1377 3373 nbi

138 3415 271 3494 nescias,
306 3433 380 3480 num
409 3413 524 3498 primas
551 3413 657 3478 teneat
686 3410 872 3489 absurditas,
889 3430 943 3476 ·an
963 3412 1108 3492 versutia,
1133 3431 1171 3476 an
1194 3412 1379 3491 ludibrium,

139 3519 173 3584 et
203 3519 253 3583 cni
277 3518 398 3602 Jamdiu
429 3535 588 3602 operosum
625 3518 657 3582 et
695 3515 805 3581 inutile
833 3513 972 3580 studium
1007 3514 1177 3598 inpendunt
1215 3513 1375 3600 Subalpini

138 3621 291 3688 Gubernii
310 3621 527 3688 moderatores.
573 3619 680 3686 (locati
704 3619 785 3685 enim
809 3638 827 3684 a
849 3617 1005 3684 communi
1021 3619 1243 3685 catholicorum
1267 3639 1376 3704 expos·

136 3725 294 3792 iulatione
316 3726 349 3790 et
376 3724 503 3809 politica
531 3724 715 3790 necessitate
745 3725 783 3788 ad
812 3723 930 3788 larvam
960 3721 1126 3806 quamdam
1148 3723 1252 3808 regiae
1274 3727 1376 3808 potes-

135 3827 218 3893 tatis
239 3828 373 3894 Nostrae
396 3827 587 3906 servandam,
610 3847 648 3894 ne
671 3828 816 3911 cuiquam
839 3827 959 3892 obnoxii
982 3827 1143 3892 videamur
1170 3828 1203 3892 in
1233 3829 1376 3894 exercitio

136 3931 275 4016 supremi
303 3932 464 4018 regiminis
495 3931 665 4010 lllcolesiae3
703 3932 735 3996 id
765 3933 887 4016 assequi
917 3951 949 3996 se
978 3949 1065 4014 posse
1103 3934 1287 3998 censuerunt
1322 3950 1377 4014 per

137 4037 359 4103 concessiones.
404 4037 500 4120 Atqui
524 4055 594 4102 cum
615 4035 768 4102 concessio
795 4038 904 4120 suapte
931 4038 1044 4101 natura
1073 4037 1209 4119 postulet
1238 4038 1376 4120 potcsta-

135 4127 206 4208 tem
229 4142 425 4208 concedentis
447 4141 478 4206 in
501 4161 571 4208 eum
595 4141 645 4208 cni
669 4142 856 4221 conceditur,
886 4142 1107 4224 eumdemque,
1135 4141 1246 4205 saltem
1276 4139 1376 4223 quoad

134 4265 207 4313 rem
230 4265 414 4328 concessam,
438 4246 585 4330 subjiciat
605 4247 691 4311 illius
714 4245 822 4345 ditioni
846 4248 879 4312 et
902 4245 1049 4323 arbitrio;
1073 4245 1244 4310 necessario
1267 4243 1376 4322 fia‘nc

133 4350 201 4436 ipsi
223 4368 345 4434 operam
368 4350 500 4436 perdant
521 4351 553 4416 in
576 4352 756 4417 adstruente
779 4369 919 4416 summae
941 4349 1105 4434 potestatis
1128 4349 1262 4414 Nostrae
1285 4349 1375 4414 fasti-

132 4455 192 4540 gio
213 4473 268 4538 per
303 4473 340 4520 ea
373 4453 568 4535 adminicula,
604 4473 682 4538 quae
716 4455 815 4539 ipsum
851 4453 974 4520 omnino
1007 4453 1157 4519 subruant
1186 4454 1218 4517 et
1241 4453 1374 4518 deleant.

132 4559 257 4626 Intimo
278 4577 348 4624 vero
371 4559 598 4626 concessionum
621 4559 737 4626 indoles
760 4561 808 4626 est
829 4559 990 4643 ejusmodi,
1013 4559 1049 4624 ut
1071 4575 1375 4642 unaquaequcpecu-

132 4663 250 4730 liorem
273 4661 455 4728 servitutem
477 4663 625 4742 inducat3
649 4683 726 4749 quac
749 4664 853 4730 durior
873 4663 968 4730 ctiam
991 4663 1028 4729 fit
1050 4664 1088 4729 ab
1113 4662 1241 4728 inuectis
1265 4661 1375 4725 deiude
