3112 4928
181 285 280 372 CXIV
351 303 413 362 Iar.
433 309 533 375 apost.
552 306 580 360 d.
601 306 646 360 29.
669 305 746 361 Νου.
766 305 860 363 187οε
880 307 974 363 [lebet
989 306 1044 375 sicr
1063 307 1123 362 dem
1141 306 1247 376 Paper.

178 475 406 544 intermissione
429 477 469 544 ab
489 477 630 546 Ecclesia
651 477 691 544 ad
713 477 816 546 Deum
836 498 891 563 pro
913 498 958 559 eo,
982 475 1178 544 deferendam
1200 476 1422 561 Nobisqnam·
1544 525 1545 530 ,

176 581 249 647 dam
271 583 481 668 precationum
503 582 669 648 formulam
699 586 895 663 curaverunt,
931 581 1021 667 eujus
1051 581 1190 647 initium:
1222 579 1249 646 0
1278 579 1422 646 divinum
1544 571 1545 620 ³

177 691 268 770 utque
289 688 540 754 amenissimum
564 685 628 753 Gor
651 685 784 752 Domini
805 689 909 755 nostri
928 687 1010 754 Jcse
1032 683 1166 765 Cirristr',
1201 685 1284 752 unde
1311 685 1420 750 ombo—
1544 705 1545 744 l

176 791 241 857 lica
262 787 408 860 Ecclesia
431 794 530 860 eitam
559 791 677 858 rram'c:
703 793 739 856 ut
770 812 806 860 ea
834 792 958 858 utentes
980 791 1055 875 ipsi,
1079 789 1203 873 aliique,
1226 788 1337 872 quibus
1360 786 1420 854 ad·

176 895 342 962 bibendam
362 895 585 981 proposuerint,
610 915 628 961 a
654 895 749 962 Patre
772 895 1065 974 misericordiarum,
1088 893 1141 978 qui
1163 891 1319 958 neminem
1332 893 1366 956 in
1388 911 1422 958 se

175 996 352 1084 sperantem
374 999 504 1065 nimium
530 999 628 1084 affligi
653 997 739 1078 sinit,
761 1000 860 1067 Nobis
884 1002 917 1065 et
939 997 1108 1066 christiano
1129 997 1240 1081 populo
1255 995 1423 1082 indulgen·

175 1101 266 1184 tiam,
294 1103 474 1170 libertatem
500 1123 605 1180 veram
637 1123 673 1169 ac
700 1104 846 1171 stabilem
875 1123 982 1188 pacem
1018 1103 1186 1187 impetrare
1215 1099 1422 1178 contendant3

180 1204 337 1292 iidemque
360 1206 521 1274 humiliter
542 1209 767 1293 expetiverunt,
790 1211 827 1274 ut
850 1208 1002 1290 omnibns,
1026 1207 1077 1291 qui
1103 1207 1291 1272 memoratas
1313 1223 1422 1288 preca-

175 1313 275 1378 tiones
297 1331 334 1377 cr
357 1311 455 1378 allata
476 1313 574 1380 Nobis
596 1311 729 1379 formula
750 1312 927 1394 recitarent,
953 1310 1131 1395 spirituales
1153 1309 1273 1396 gratias
1302 1308 1418 1394 largiri

176 1417 386 1502 dignaremur.
1295 1403 1298 1408 ’

184 1607 191 1618 ‚
225 1581 228 1588 ι
282 1535 347 1604 Nos
369 1538 410 1604 ad
440 1539 615 1625 augendam
644 1517 783 1604 fidelium
813 1538 995 1624 religionem
1025 1539 1058 1603 ct
1087 1536 1262 1602 animarum
1284 1533 1420 1600 salutem

180 1641 364 1712 coelestibus
386 1643 543 1710 Ecclesiae
566 1644 722 1711 thesauris
742 1644 796 1728 pia
818 1643 949 1710 caritate
971 1641 1096 1722 inbuti,
1131 1639 1309 1724 hujusmodi
1339 1637 1420 1705 sotis

176 1746 297 1840 lubenti
320 1749 422 1814 animo
445 1747 640 1814 annuendum
664 1747 847 1842 censuimus.

233 1929 236 1934 .
273 1871 393 1954 ‚ltaque
415 1868 452 1934 de
475 1869 703 1954 Omnipotcntis
726 1869 784 1934 Dei
806 1868 1017 1936 misericordia
1041 1887 1077 1934 ac
1100 1867 1165 1933 BB.
1182 1865 1270 1932 Petri
1281 1865 1314 1930 et
1325 1864 1420 1929 Pauli

177 1972 396 2058 Apostolorum
420 1974 485 2058 ejus
507 1975 696 2043 auctoritate
718 1973 835 2052 confisi,
864 1974 1005 2040 omnibus
1035 1975 1068 2038 et
1095 1972 1227 2056 singulis
1257 1971 1420 2054 ubiusquc

177 2096 265 2144 sorus
301 2077 575 2158 christifidelibus,
609 2078 662 2161 qui
685 2078 775 2143 corde
798 2079 911 2144 saltem
934 2077 1062 2144 contriti
1088 2077 1280 2161 precationes
1310 2093 1421 2158 supra·

179 2183 280 2250 dictas
302 2203 337 2250 cu
359 2182 491 2250 formula
512 2183 611 2248 Nobis
633 2181 781 2261 exhibita,
805 2182 893 2266 cujus
916 2182 1071 2266 exemplar
1091 2181 1125 2246 in
1147 2179 1301 2247 tabulario
1313 2178 1421 2246 Secre-

176 2287 277 2357 tarrac
300 2285 434 2354 Nostrae
457 2286 604 2356 Brevinm
627 2285 780 2352 asservari
799 2285 959 2369 jussimus,
983 2285 1123 2370 quolibet
1143 2285 1193 2350 die
1216 2283 1325 2349 devote
1340 2283 1421 2348 reci-

178 2391 323 2470 micent,
347 2381 473 2461 centum
495 2391 561 2458 dies
583 2391 621 2460 de
643 2391 791 2476 injunctis
815 2391 868 2471 eis,
892 2410 946 2458 sou
968 2391 1047 2458 alias
1070 2388 1300 2474 quomodolibet
1330 2387 1419 2453 debi·
1544 2435 1545 2470 ,

177 2494 219 2562 tis
242 2495 440 2578 poenitentiis
462 2496 495 2560 in
516 2495 616 2561 forma
638 2494 796 2561 Ecclesiae
819 2497 966 2561 consueta
987 2495 1171 2562 relaxamus.
1216 2491 1421 2573 Quacomnes

177 2599 210 2664 et
232 2597 372 2682 singulae
393 2597 616 2683 indulgentiae,
643 2600 839 2682 peccatorum
867 2597 1064 2664 remissiones
1093 2616 1130 2662 ac
1157 2597 1420 2682 poenitentiarum
1544 2595 1545 2604 ’

177 2703 382 2776 relaxationes
405 2703 441 2770 ut
463 2704 559 2769 stiam
582 2701 744 2768 animabus
768 2699 1038 2780 christifidelibus,
1061 2719 1140 2785 quae
1162 2701 1228 2768 Deo
1243 2700 1275 2765 in
1286 2701 1421 2768 caritate

177 2807 359 2892 conjunctae
382 2808 420 2874 ab
444 2807 503 2873 bac
524 2807 593 2872 luce
615 2805 828 2890 migraverint,
858 2825 913 2890 per
945 2805 1070 2872 modum
1096 2803 1238 2890 suffragii
1269 2805 1420 2892 applicari

177 2912 307 2994 possint,
337 2910 579 2984 misericorditer
608 2911 641 2975 in
673 2909 805 2976 Domino
833 2909 1039 2994 impertimur.
1092 2909 1330 2993 Praesentibus,
1362 2911 1421 2978 boc

178 3033 281 3082 rerum
304 3017 390 3082 statu
412 3015 554 3095 durante
579 3014 730 3082 valituris.

282 3137 433 3203 Volumus
461 3138 583 3216 summ,
615 3139 651 3202 ut
679 3137 889 3220 praesentium
917 3133 1107 3202 Litterarum
1137 3137 1343 3220 transumptis
1366 3155 1419 3203 seu

179 3241 336 3325 exemplis,
357 3240 455 3308 edam
476 3241 644 3326 impressis,
668 3259 763 3306 manu
793 3239 926 3324 alicujus
953 3240 1066 3306 notarii
1092 3239 1210 3324 publici
1236 3241 1420 3324 subscriptis

178 3349 211 3414 et
233 3346 337 3432 sigillo
358 3365 506 3431 personae
528 3347 561 3412 in
582 3345 791 3412 ecclesiastica
815 3343 969 3432 dIgnitate
991 3345 1178 3412 constitutas
1200 3344 1340 3424 munitis,
1368 3365 1421 3411 ea-

178 3451 249 3520 dem
271 3468 396 3535 prorsus
418 3449 494 3515 fides
525 3449 726 3532 adhibeatur,
757 3469 835 3534 qnae
863 3449 1063 3516 adhiberetur
1085 3449 1160 3534 ipsis
1189 3449 1416 3534 praesentibus,

177 3556 204 3621 si
227 3556 328 3622 forent
359 3555 516 3622 exhibiles
543 3551 592 3620 rol
618 3556 769 3622 ostensae.
825 3553 1038 3637 Praecipimns
1067 3552 1190 3632 autam,
1214 3555 1251 3620 ut
1272 3572 1418 3638 praesen·

176 3660 258 3726 tium
280 3659 471 3729 Lirmrarnn
493 3657 588 3746 (quod
610 3657 671 3724 nisi
692 3657 758 3738 fiat,
780 3658 883 3724 nullas
907 3657 1030 3724 easdem
1050 3675 1116 3723 esse
1138 3652 1294 3749 volumus)
1317 3678 1417 3724 erem-

176 3765 245 3848 plar
267 3765 307 3832 ad
329 3765 534 3831 Secretariam
558 3762 816 3858 Congregationis
838 3761 1046 3846 Indulgentiis
1070 3761 1232 3846 Sacrisquc
1265 3762 1418 3848 Reliquiis

177 3869 374 3954 praepositae
396 3869 565 3947 deferatur,
585 3867 675 3952 justa
697 3867 865 3934 Decretum
889 3868 927 3933 ab
951 3865 1061 3932 eadem
1083 3865 1329 3952 congregatione
1360 3869 1418 3934 sub

178 3970 228 4040 dic
252 3974 302 4040 19.
330 3969 474 4039 Januerii
506 3973 587 4036 1756
617 3971 718 4037 latum
745 3973 777 4038 ct
807 3990 826 4036 a
856 3988 881 4038 s.
908 3989 999 4037 mem.
1029 3969 1193 4037 Bcncdicto
1221 3971 1306 4056 Papa
1332 3971 1417 4040 XIV.
1544 3963 1545 4010 ³

179 4077 421 4146 Praedecessorc
442 4077 558 4143 Nostro
581 4076 631 4142 dic
654 4075 705 4141 28.
729 4073 806 4141 dicti
827 4074 941 4142 mensis
964 4074 1179 4160 adprobatum.

283 4201 402 4266 Datum
424 4199 538 4266 Romae
560 4197 644 4282 apud
665 4197 696 4268 S.
720 4199 850 4264 Petrum
872 4197 930 4264 sub
952 4197 1067 4263 annulo
1095 4197 1257 4281 piscatoris
1285 4197 1335 4264 die
1365 4200 1419 4265 29.

180 4304 365 4371 Novembris
394 4303 482 4370 1870.
528 4303 733 4370 Pontificatus
755 4303 864 4370 Nostri
885 4303 974 4369 Anno
996 4301 1272 4386 vicesimoquinto.

165 4409 261 4476 ‘Loco
283 4409 305 4492 †
326 4405 425 4492 Signi.
620 4417 625 4428 '
768 4407 811 4474 N.
835 4405 932 4474 θανά.
956 4407 1151 4474 Paracciomi
1172 4405 1314 4475 Gtmcili.

282 4547 465 4616 Praesentos
485 4547 623 4614 Litterae
645 4545 840 4631 apostolicae
862 4547 895 4611 in
923 4547 1022 4612 forma
1051 4544 1160 4612 Brevis
1187 4545 1244 4610 sub
1273 4545 1337 4613 dat.
1367 4549 1421 4613 29.

181 4653 331 4722 Novemb.
356 4655 439 4720 1870
463 4653 618 4720 exhibitas
641 4653 771 4719 suntin
795 4649 969 4719 Secretaria
991 4647 1022 4718 S.
1046 4649 1423 4736 Gongrogationislndul-
