3120 4930
174 333 219 406 IV
277 357 338 414 Iar.
357 357 409 414 Pii
427 357 486 414 ΡΡ.
505 353 558 413 IX.
577 358 619 413 od
636 353 809 428 Episcopos
829 355 1031 414 Germanicos
1050 360 1078 414 d.
1099 355 1144 414 28.
1165 357 1294 417 October
1311 359 1397 416 1870.

176 531 207 598 et
230 531 362 597 aliomm
383 530 603 615 Episcoporam
630 528 817 598 Germaniae
839 530 1036 616 vigilantiam
1061 532 1248 616 pastoralem
1271 533 1311 600 ad
1326 552 1417 600 oocu-

174 635 304 701 rendnm
326 633 542 720 ingruentibus
565 635 614 700 his
636 635 781 719 periculis
804 634 881 702 adeo
903 638 1118 701 necessariam.
1162 637 1293 703 Plenior
1314 645 1417 704 tomen

172 741 286 822 fatua
306 739 421 822 fuisset
442 739 613 806 consolatio
636 741 767 818 Nostra,
790 740 820 805 si
841 760 901 823 quo
922 741 1086 806 instructio
1107 747 1214 807 oestro
1238 743 1417 824 partualis

175 849 255 910 esset
274 844 444 926 ostendor,
469 844 607 910 omnium
634 843 866 910 Verrerabitiurn
888 843 1052 924 Fratrum,
1077 844 1310 928 Episcoporarn
1332 847 1415 912 Cer·
1556 923 1558 936 ,

174 947 300 1014 maniae
321 947 451 1013 uomina
477 947 590 1014 iisdem
616 948 730 1014 vestris
760 948 874 1014 littoris
903 949 1082 1032 subscripta
1110 950 1305 1016 vidissemus.
1350 953 1417 1017 Nec
1552 941 1558 954 ¹

173 1072 245 1119 aero
266 1051 315 1120 aet
335 1052 502 1118 minimum
524 1051 714 1133 dubiumne,
738 1053 815 1135 quin
836 1054 1005 1120 Antistates
1034 1053 1096 1133 itti,
1127 1075 1258 1136 qnorum
1288 1057 1416 1122 nomina
1557 1035 1558 1066 ἶ

174 1155 405 1229 damnamur,
428 1176 531 1222 ornnes
554 1177 649 1238 aeque
671 1157 857 1241 intelligant,
881 1179 975 1240 quone
998 1159 1199 1240 manifestans
1222 1161 1327 1226 sacras
1349 1159 1415 1226 Pa-

174 1261 313 1327 storibus
334 1259 493 1326 incurrebat
516 1259 665 1348 officium,
686 1282 795 1346 propos
816 1281 890 1328 suos
913 1262 1045 1327 dooerrdi
1067 1263 1105 1328 de
1127 1263 1313 1329 veritatibus
1341 1265 1417 1346 fidei

173 1366 209 1430 in
229 1384 322 1432 sacro
345 1365 539 1430 oecumenico
562 1361 703 1430 Concilio
726 1365 874 1446 definitis,
897 1386 1038 1448 paones
1061 1366 1272 1432 sibicreditos
1287 1373 1418 1433 arceant

174 1469 380 1534 aoeneaatis
414 1473 443 1534 et
478 1467 624 1533 nunant
653 1468 850 1534 salutaribus
874 1470 1009 1551 posuis
1039 1469 1210 1536 catholicae
1238 1470 1418 1552 contrane·

173 1570 296 1655 quando
318 1569 442 1636 inistis
464 1572 647 1656 praesertim
669 1573 848 1658 regionibus
871 1573 928 1638 lilii
951 1574 1077 1656 quidam
1111 1574 1272 1658 superbiae
1303 1573 1356 1656 qui
1385 1593 1417 1639 se

174 1674 351 1741 Catholicos
373 1675 542 1753 nominant,
566 1693 627 1742 uon
650 1676 750 1742 solum
773 1676 902 1742 occultis
924 1677 1087 1744 fraudibus
1110 1677 1164 1743 sed
1187 1679 1295 1761 aperta
1317 1678 1417 1743 fronte

171 1780 274 1864 ipsum
294 1778 367 1844 fidei
390 1779 561 1845 catholicae
585 1779 698 1864 dogma
721 1782 910 1866 oppugnant.
956 1782 999 1846 llo
1034 1781 1116 1847 enim
1148 1781 1345 1862 devenerunt,
1381 1782 1417 1845 ut

172 1903 226 1968 per
248 1883 371 1950 libellos
393 1883 426 1949 in
459 1883 573 1970 vulgus
607 1882 706 1950 editos
739 1885 772 1950 et
805 1904 859 1969 per
891 1886 1031 1969 publicas
1064 1884 1276 1970 ephemerides
1310 1886 1417 1950 contra

176 1988 396 2055 auctoritatem
418 1989 451 2054 st
473 1987 597 2053 decreta
619 1987 715 2072 ipsias
738 1990 927 2056 oecumenici
950 1989 1081 2056 Consilii
1112 1990 1205 2073 atque
1239 1989 1271 2054 in
1308 1989 1416 2072 primis

173 2094 281 2159 contra
311 2093 486 2158 doctrinam
519 2091 591 2158 fidei
625 2093 657 2157 in
690 2094 797 2160 eodem
833 2095 970 2161 Concilio
1006 2093 1224 2159 irreformabili
1259 2092 1416 2158 sanatione

173 2197 334 2264 delinitam
357 2197 396 2263 de
417 2197 550 2262 Romani
573 2197 733 2263 Pontifiois
755 2217 792 2263 ex
819 2198 967 2264 cathedra
997 2197 1150 2281 loquentis
1187 2197 1415 2263 infallibilitate

176 2301 308 2368 rebelles
331 2300 466 2366 audeaut
488 2301 658 2386 insurgere,
682 2302 715 2368 et
735 2301 813 2367 alios
834 2303 867 2366 in
891 2300 1021 2367 eandem
1051 2301 1250 2368 rebellionem
1278 2320 1315 2367 ac
1345 2320 1413 2385 per·

173 2405 324 2472 ditionem
347 2405 472 2472 trahere
495 2407 606 2472 canent
646 2455 653 2471 .

274 2508 467 2576 Mendaeiter
485 2510 675 2595 jaetantpro
690 2529 774 2577 more
794 2511 943 2590 omnium,
967 2511 1215 2595 qnischismata
1231 2510 1262 2576 et
1273 2509 1414 2574 haereses

171 2633 320 2698 umquam
344 2614 596 2698 disseminarunt,
620 2634 652 2681 se
675 2617 838 2700 antiquam
861 2616 953 2681 iidem
976 2615 1161 2681 catholicam
1184 2615 1325 2694 retinere,
1340 2613 1415 2677 dum

171 2709 272 2803 ipsum
295 2719 527 2786 fundamentale
549 2720 734 2804 principium
759 2721 931 2787 catholicae
954 2719 1027 2785 fidei
1050 2739 1086 2784 ac
1108 2719 1266 2785 doctrinae
1288 2717 1415 2782 subver-

171 2823 253 2888 tunt.
298 2824 387 2890 Licet
408 2843 541 2907 namque
563 2824 768 2909 profiteantur
790 2824 983 2909 Scripturam
1012 2826 1045 2890 et
1075 2822 1287 2888 Traditionem
1314 2821 1414 2886 fontes

171 2945 237 2994 ossa
260 2927 383 2995 divinae
404 2928 612 3007 revelationis,
635 2929 852 3014 magisteriam
875 2930 983 2994 tamen
1006 2947 1127 3011 semper
1142 2927 1246 2992 vivens
1259 2924 1414 2991 Ecclesiae

172 3051 208 3097 er
237 3030 397 3115 Scriptura
430 3032 462 3097 et
491 3030 671 3098 ‘traditione
700 3034 900 3100 manifestum
929 3033 1023 3116 atque
1055 3030 1204 3097 divinitus
1233 3028 1414 3095 institutum

171 3135 253 3201 sieut
274 3133 313 3200 ad
342 3137 525 3219 perpetuam
556 3137 729 3203 custodiam
758 3137 805 3204 ita
838 3138 877 3202 ad
904 3137 1102 3202 infallibilem
1124 3133 1360 3219 explicationem
1383 3135 1415 3198 et

168 3239 411 3305 'declarationem
444 3237 626 3324 dogmatum
660 3260 740 3323 quae
774 3242 807 3307 in
841 3240 1001 3325 Scriptura
1034 3238 1082 3305 vel
1113 3237 1294 3304 Traditione
1327 3235 1414 3302 nobis

172 3342 357 3409 transmissa
374 3344 457 3425 sunt,
481 3343 578 3409 iidem
601 3344 707 3410 andire
730 3345 924 3429 detrectant;
947 3346 1040 3429 atque
1063 3345 1109 3409 ita
1132 3361 1164 3408 se
1185 3342 1268 3425 ipsos
1298 3339 1415 3423 singuli

174 3465 229 3531 per
252 3465 341 3512 suam
362 3446 529 3513 fallibilem
551 3449 584 3514 et
606 3448 750 3514 fallacem
773 3449 937 3515 scientiam
959 3447 1201 3532 independenter
1223 3446 1261 3510 ab
1278 3443 1414 3511 auctori·

173 3549 241 3616 tate
264 3550 359 3616 immo
383 3551 476 3617 etiem
508 3552 616 3618 contra
646 3553 865 3619 auctoritatem
896 3553 988 3637 hujus
1020 3552 1169 3618 divinitas
1190 3549 1325 3615 ordinati
1345 3565 1414 3612 ma-

173 3654 296 3740 gisterii
316 3655 512 3721 const'tuunt
532 3654 653 3741 judicas
676 3657 868 3742 dogmatum,
893 3675 971 3740 quae
994 3657 1026 3722 in
1049 3655 1188 3721 fontibus
1218 3651 1414 3719 revelationis

173 3759 398 3826 contineantur.
443 3759 526 3841 Quid
556 3759 638 3825 enim
670 3761 756 3826 aliud
788 3760 904 3846 agunt,
935 3761 1008 3825 dum
1039 3760 1152 3846 dogma
1181 3757 1255 3824 fidei
1277 3777 1296 3822 a
1317 3755 1414 3822 Nobis

173 3863 363 3948 approbante
384 3882 471 3930 sacro
493 3863 631 3930 Concilio
652 3864 815 3930 delinitum
838 3864 953 3931 audent
976 3863 1077 3931 dicore
1100 3861 1413 3930 nonesseveritatem

172 3968 279 4034 aDeo
300 3967 471 4034 revelatam
499 3969 530 4034 el
561 3969 716 4034 catholica
747 3967 807 4035 fide
836 3969 1039 4048 credendam,
1069 3968 1142 4052 qnia
1163 3966 1223 4050 ipsi
1245 3964 1413 4031 secundum

173 4090 261 4138 suam
283 4071 525 4156 intelligentiam
548 4073 628 4138 illud
650 4074 683 4138 in
706 4072 865 4158 Scriptura
887 4076 920 4140 et
943 4073 1121 4139 Traditione
1143 4091 1175 4137 so
1198 4089 1258 4136 non
1280 4067 1413 4152 reperire

176 4174 359 4241 affirmanti
382 4173 478 4256 Quasi
499 4194 571 4242 vero
593 4195 655 4243 non
676 4176 703 4241 is
726 4167 769 4242 sit
791 4178 864 4244 ordo
887 4177 960 4242 fidei
982 4195 1001 4241 a
1022 4175 1227 4259 Redemptore
1249 4174 1353 4239 nostro
1382 4171 1414 4234 in

97 4280 102 4293 '
172 4299 229 4346 sua
251 4279 390 4346 Ecclesia
411 4278 577 4346 inst'tutas
600 4299 780 4366 semperque
802 4283 952 4360 retentus,
977 4282 1013 4347 ut
1023 4281 1091 4365 ipsa
1104 4278 1260 4366 dogmatis
1272 4275 1412 4341 definitio

172 4383 281 4451 haberi
302 4383 413 4452 debeat
435 4404 489 4468 per
512 4403 544 4450 sa
566 4385 633 4452 sola
655 4386 823 4471 sufficiens,
847 4387 1031 4465 certissima,
1055 4385 1086 4450 et
1109 4383 1250 4450 omnibus
1265 4379 1411 4446 fidelibus

172 4489 371 4555 mmmcdata
392 4489 625 4569 demonstratio,
648 4490 823 4558 doctrinam
846 4491 1009 4557 definitam
1032 4489 1183 4556 contineri
1212 4487 1244 4552 in
1274 4485 1411 4568 deposito

171 4593 368 4660 revelationis
391 4593 525 4678 scriptae
547 4594 597 4660 vel
619 4594 763 4661 traditae.
807 4595 896 4661 Unde
918 4593 998 4660 tales
1022 4594 1204 4678 dogmatum
1216 4589 1411 4656 definitiones

172 4698 342 4766 necessario
364 4701 438 4766 sunt
460 4700 492 4765 et
513 4699 620 4786 quovis
642 4701 780 4786 tempore
802 4693 1411 4766 fuerantincommutabilisnormanieut
