3068 4924
126 307 190 374 308
238 325 333 382 Under·
354 325 552 382 Theilwubmc
570 327 625 382 der
645 325 831 382 Getetticbew
849 341 901 381 om
919 321 1101 383 Sabata-athe
1120 325 1298 394 (1870-71.)

127 498 294 583 religioseu
328 496 391 562 und
425 496 586 562 sittlichen
620 497 794 564 Interessen
826 497 882 564 der
916 496 1129 581 Schuljugend
1164 497 1257 562 wider
1276 497 1374 582 jeden

127 601 263 684 Eingrili
293 620 330 666 zu
365 601 532 681 ventretea,
565 601 629 665 und
659 620 691 665 er
724 601 856 666 verldsst
889 600 960 681 ihu,
993 599 1100 665 sobald
1124 601 1374 682 uuzweideutige

129 705 326 771 Thatsaohen
358 703 600 788 borausgestellt
632 704 742 783 haben,
775 704 847 770 dass
880 723 913 770 er
947 703 1053 770 seiuen
1080 705 1188 770 Zweck
1222 704 1310 770 nicht
1333 723 1374 769 zu

130 809 286 876 erreicben
322 815 476 893 wermbge.
522 808 628 873 tndem
665 828 698 873 er
731 807 780 874 die
804 808 928 875 Grdnde
951 809 1051 875 seines
1073 795 1248 876 A‘ustrittes
1270 809 1375 873 wahr-

129 913 306 999 heitgetreu
329 911 462 995 darlegt,
486 911 604 977 werden
629 911 690 977 alle
711 931 750 977 an
774 912 833 978 den
856 913 1025 998 heiligeten
1046 911 1165 978 (lutera
1190 913 1245 978 der
1259 911 1375 978 Schul-

127 1017 246 1102 jugeud
269 1015 418 1082 verubten
442 1015 551 1080 Erevel
574 1014 641 1080 Eall
664 1015 713 1080 aar
735 1015 802 1080 Eall
825 1015 858 1080 in
880 1015 1017 1082 Euidenz
1039 1016 1186 1101 gehalten
1219 1015 1282 1081 und
1312 1017 1375 1082 da-

132 1121 230 1186 durch
247 1121 300 1198 ‚fir
322 1119 373 1185 die
395 1119 523 1204 Mtngel
544 1120 599 1184 der
622 1137 719 1187 neuen
743 1117 1037 1204 Schuleinrichtung
1067 1119 1120 1186 der
1152 1119 1375 1206 schlagendste

133 1226 251 1290 Beweis
284 1224 436 1309 geliefert.
484 1223 662 1307 Allerdings
695 1223 738 1288 ist
770 1223 803 1288 in
833 1223 891 1288 den
915 1223 1156 1308 Betimmungeu
1178 1223 1232 1289 der
1254 1225 1374 1309 Regie-

133 1329 356 1413 rungsvorlage
378 1329 446 1393 eine
470 1327 692 1412 Verenderung
714 1343 940 1412 vorgegaugen,
964 1327 1061 1393 durch
1084 1328 1199 1393 welche
1220 1328 1270 1393 die
1290 1327 1375 1394 Stel·

133 1435 211 1517 lung
233 1433 288 1498 der
309 1431 426 1496 Kirchs
447 1431 589 1517 ganzlicb
612 1431 766 1496 verbannt
786 1431 879 1496 wind:
903 1431 983 1496 dena
1006 1431 1084 1497 nach
1108 1433 1135 1516 ἕ.
1161 1433 1190 1497 5.
1214 1432 1268 1497 des
1290 1431 1376 1496 Lan-

135 1535 327 1622 desgesetaes
360 1554 430 1601 vom
466 1536 514 1599 12.
545 1534 678 1600 October
702 1535 874 1600 latusim
897 1533 947 1601 die
970 1535 1234 1620 Religionslebrer
1257 1521 1315 1599 nur
1339 1553 1376 1601 so

135 1640 181 1706 cit
202 1659 235 1706 es
257 1641 323 1705 sich
345 1659 399 1706 um
421 1639 481 1706 deu
503 1639 839 1726 Religiousunterricht
861 1639 998 1716 handelt,
1022 1661 1058 1706 nu
1088 1641 1159 1707 dem
1189 1640 1377 1706 Ortsschul-

133 1744 223 1809 rathe
244 1744 305 1809 mit
328 1743 590 1810 beschlieaseuder
610 1743 742 1809 Stimme
765 1743 971 1823 beizuaiehen,
994 1763 1028 1810 so
1051 1743 1122 1810 dass
1144 1742 1199 1809 der
1213 1743 1379 1808 Plarrvor-

133 1847 237 1913 steher
259 1847 346 1913 nicht
369 1848 453 1914 kratt
475 1849 574 1912 seinos
598 1847 707 1912 Anates
730 1867 768 1912 nu
789 1847 847 1912 den
870 1847 1083 1914 ardentliehen
1106 1843 1380 1932 Mitgliederndcs

134 1949 425 2016 Orts-Schubatbes
446 1950 567 2035 gshdrt,
589 1951 722 2016 sondern
744 1970 803 2016 nur
826 1951 881 2016 auf
900 1951 969 2016 dem
1001 1951 1100 2036 Wege
1134 1951 1189 2016 der
1211 1949 1307 2015 Wahl
1342 1951 1379 2015 iu

134 2052 299 2120 denselben
322 2055 405 2119 kann
427 2054 555 2120 berufen
577 2053 708 2121 werden.
754 2053 900 2121 Indessen
922 2053 965 2120 ist
987 2054 1066 2120 auch
1087 2053 1188 2119 dieser
1217 2053 1375 2119 bedauer-

132 2157 214 2222 liche
235 2157 304 2222 Eall
325 2158 357 2221 in
380 2158 435 2223 der
457 2177 522 2224 nun
543 2156 708 2242 folgenden
731 2157 929 2244 Aeusserung
953 2159 1048 2224 sehon
1071 2156 1269 2224 vorbedacbt.

135 2313 176 2378 ιι.
200 2313 256 2378 aa
278 2313 392 2380 crues
419 2287 673 2381 macerasset
701 2313 889 2382 caractere
917 2315 1159 2398 artacaeon
1191 2311 1380 2378 uacasse

163 2417 206 2483 ad
228 2417 538 2484 Ecccttmtissimurw
560 2418 716 2486 Nuntium
737 2419 942 2502 apostolicum
964 2423 1025 2485 22.
1049 2416 1114 2484 Oct.
1143 2421 1227 2484 1868
1249 2416 1344 2482 datia.

237 2554 323 2635 Quae
345 2555 383 2620 da
405 2555 475 2640 lege
498 2555 549 2621 25.
573 2555 650 2640 ldaji
672 2554 710 2621 de
732 2555 847 2621 scholis
869 2556 935 2621 lata
957 2554 1100 2634 seutiam,
1123 2555 1240 2620 litteris
1269 2557 1379 2637 pasto·

133 2657 251 2722 ratibus
273 2657 395 2741 publice
418 2659 588 2725 enuntiavi.
633 2659 790 2725 Ecclesiae
813 2659 984 2726 catholicae
1006 2659 1053 2725 est
1076 2677 1135 2724 non
1164 2660 1290 2724 tautum
1323 2676 1377 2722 re·

134 2760 260 2845 ligiouls
282 2761 454 2829 doctrinam
474 2763 633 2847 juventuti
656 2763 828 2829 catholicae
849 2763 882 2828 in
904 2763 1018 2830 scholis
1041 2762 1164 2829 tradere
1193 2763 1248 2828 sed
1276 2762 1372 2828 etiam

134 2865 347 2930 educationem
369 2866 436 2950 ejus
458 2866 635 2951 religiosam
665 2869 874 2952 moralemque
904 2867 1039 2952 dirigere
1069 2869 1162 2951 atqua
1190 2867 1288 2942 tueri:
1320 2885 1376 2932 ca-

134 2986 204 3033 rere
226 2966 363 3050 proinde,
387 2987 425 3034 ne
447 2969 511 3035 siae
533 2969 747 3054 ludimagistri
770 2969 861 3054 culpa
883 2971 948 3037 sive
970 2971 1059 3036 libris
1089 2989 1185 3053 prava
1214 2969 1376 3036 coutinen-

133 3071 218 3136 tibus
240 3075 484 3156 corrumpantur,
508 3075 561 3157 qui
583 3072 622 3138 ad
644 3072 738 3139 tidem
760 3076 970 3160 pietatemque
993 3075 1174 3141 efforuraudi
1197 3077 1280 3142 sunt.
1314 3074 1376 3141 Jus

134 3173 290 3242 Ecclesiae
311 3177 345 3240 in
367 3176 488 3243 scholas
511 3171 715 3243 elementares
741 3179 917 3262 competens
947 3178 1128 3265 concordiae
1157 3178 1229 3243 actu
1257 3177 1373 3242 solem·

135 3279 217 3344 niter
238 3280 381 3364 agnitum
404 3282 436 3347 et
460 3283 543 3365 pacti
565 3282 681 3365 publici
703 3281 765 3348 tide
787 3283 941 3348 munitum
965 3284 1030 3360 est3
1053 3281 1132 3347 nihil
1155 3283 1270 3360 autem,
1292 3281 1376 3365 quad

135 3383 218 3466 apud
240 3401 294 3474 nos
317 3403 429 3450 uorum
452 3373 544 3461 esset,
566 3385 605 3450 de
628 3404 662 3450 eo
685 3387 760 3451 tuuc
783 3386 988 3451 coustitutum
1006 3387 1071 3452 est:
1095 3403 1165 3450 nam
1180 3385 1251 3449 ante
1262 3383 1377 3449 ultima

26 3559 28 3564 ,
134 3485 212 3551 haec
233 3487 372 3571 tempora
394 3486 584 3554 Guberninm
607 3489 805 3555 Austriaoum
829 3489 868 3554 de
898 3509 933 3555 eo
960 3475 1171 3574 impugnando
1202 3505 1262 3553 non
1290 3487 1376 3572 cogi-

135 3591 265 3656 taverat.
310 3591 460 3657 Attamen
482 3594 600 3658 ceteras
620 3613 671 3660 res
691 3592 829 3659 scholam
853 3593 1023 3659 attinentes
1046 3594 1173 3658 cunctas
1195 3593 1228 3658 et
1250 3593 1323 3656 ante
1344 3593 1378 3657 et

134 3695 204 3776 post
227 3693 447 3760 concordatum
467 3697 604 3780 potestas
627 3697 726 3763 civilis
749 3697 1080 3782 suprema-ordinabat
1101 3695 1299 3776 auctoritato,
1319 3711 1377 3761 nec

134 3799 168 3862 iu
189 3797 229 3863 iis
250 3799 478 3882 pertractandis
500 3801 575 3867 viris
598 3801 816 3868 ecelesiasticis
840 3802 929 3868 unice
951 3802 1119 3878 utebatur3
1150 3800 1262 3884 qnippe
1290 3799 1376 3884 regi-

135 3901 212 3966 mini
233 3903 415 3985 provinciali
437 3904 535 3970 cnivis
558 3905 715 3970 assidebat
737 3907 770 3970 et
791 3906 873 3971 huuc
895 3905 927 3970 in
950 3905 1033 3970 dienr
1045 3904 1162 3970 assidet
1181 3902 1377 3969 musiliarins

136 4004 338 4072 scholasticus
361 4005 565 4093 (Schulratb),
599 4009 652 4092 qui
686 4008 807 4074 scholas
841 4009 1043 4075 elementares
1076 4007 1243 4092 potestatis
1275 4005 1377 4073 civilis

136 4110 258 4177 nomine
281 4109 390 4175 visitat
412 4112 445 4177 et
466 4110 505 4178 da
526 4111 586 4191 bis,
610 4131 688 4196 quae
711 4112 893 4197 corrigenda
905 4114 1039 4192 censeat,
1064 4111 1103 4178 ad
1116 4111 1255 4197 regimen
1267 4112 1374 4180 refert.

135 4213 169 4282 Si
192 4217 305 4282 haecce
338 4217 460 4282 tantum
493 4216 620 4301 negotia
652 4216 691 4281 ad
721 4216 852 4301 collegia
873 4216 1020 4301 erigenda
1041 4215 1293 4294 transferrentur,
1316 4215 1377 4281 im-

135 4321 317 4404 prudentiae
351 4321 461 4387 merito
494 4323 699 4406 arguerentur
732 4320 938 4387 iustitutionis
972 4321 1103 4386 novatae
1137 4320 1288 4399 auctores,
1306 4313 1378 4385 ¹ned

135 4443 197 4489 non
218 4426 309 4503 esset,
333 4444 387 4490 cnr
409 4424 447 4490 de
466 4425 536 4509 jure
559 4443 615 4490 suo
637 4425 751 4492 violate
774 4424 913 4491 Ecclesia
943 4425 1190 4508 conquereretur,
1225 4443 1282 4489 nec
1314 4425 1378 4490 dici

137 4529 238 4610 posset
261 4529 444 4612 abrogatam
467 4547 533 4593 esse
557 4528 737 4612 inspectoris
761 4526 934 4595 dioecesani
956 4528 988 4593 in
1002 4527 1124 4594 scholas
1137 4527 1376 4595 auctoritatem:

137 4630 251 4694 etenim
274 4631 394 4698 scholas
428 4632 631 4699 elementares
665 4632 792 4718 dirigit,
824 4633 877 4717 qui
907 4632 1122 4699 educationem
1144 4631 1321 4718 religiosam
1344 4633 1377 4698 et
